<?xml version="1.0" encoding="UTF-8"?>
<!DOCTYPE html PUBLIC "-//W3C//DTD XHTML 1.0 Transitional//EN"
    "http://www.w3.org/TR/xhtml1/DTD/xhtml1-transitional.dtd">
<html xmlns="http://www.w3.org/1999/xhtml" xml:lang="en" lang="en">
 <head>
  <title>
</title>
<meta http-equiv="Content-Type" content="text/html;charset=utf-8" />
  <meta name='ocr-system' content='tesseract 3.04.00' />
  <meta name='ocr-capabilities' content='ocr_page ocr_carea ocr_par ocr_line ocrx_word'/>
</head>
<body>
  <div class='ocr_page' id='page_1' title='image "bibliothecamanu00valegoog_0037.png"; bbox 0 0 3038 5122; ppageno 0'>
   <div class='ocr_carea' id='block_1_1' title="bbox 346 258 391 330">
    <p class='ocr_par' dir='ltr' id='par_1_1' title="bbox 346 258 391 330">
     <span class='ocr_line' id='line_1_1' title="bbox 346 258 391 330; baseline -0.044 0"><span class='ocrx_word' id='word_1_1' title='bbox 346 258 391 330; x_wconf 89' lang='grc'>18</span> 
     </span>
    </p>
   </div>
   <div class='ocr_carea' id='block_1_2' title="bbox 299 386 1502 4371">
    <p class='ocr_par' dir='ltr' id='par_1_2' title="bbox 299 386 1502 4371">
     <span class='ocr_line' id='line_1_2' title="bbox 350 386 1488 490; baseline 0.004 -30"><span class='ocrx_word' id='word_1_2' title='bbox 350 391 655 490; x_wconf 86' lang='lat' dir='ltr'>»conquiesceret</span> <span class='ocrx_word' id='word_1_3' title='bbox 682 389 798 463; x_wconf 90' lang='lat' dir='ltr'>Primo</span> <span class='ocrx_word' id='word_1_4' title='bbox 823 389 916 461; x_wconf 92' lang='lat' dir='ltr'>enim</span> <span class='ocrx_word' id='word_1_5' title='bbox 941 412 1010 463; x_wconf 91' lang='lat' dir='ltr'>non</span> <span class='ocrx_word' id='word_1_6' title='bbox 1038 386 1198 462; x_wconf 84' lang='lat' dir='ltr'>videbam</span> <span class='ocrx_word' id='word_1_7' title='bbox 1228 412 1331 489; x_wconf 92' lang='lat' dir='ltr'>quem</span> <span class='ocrx_word' id='word_1_8' title='bbox 1362 389 1488 466; x_wconf 87' lang='lat' dir='ltr'>locum</span> 
     </span>
     <span class='ocr_line' id='line_1_3' title="bbox 348 507 1482 607; baseline 0.002 -27"><span class='ocrx_word' id='word_1_9' title='bbox 348 536 368 580; x_wconf 92' lang='grc'>»</span> <span class='ocrx_word' id='word_1_10' title='bbox 386 509 517 607; x_wconf 83' lang='lat' dir='ltr'>eligere</span> <span class='ocrx_word' id='word_1_11' title='bbox 532 507 697 581; x_wconf 88' lang='lat' dir='ltr'>tutiorem</span> <span class='ocrx_word' id='word_1_12' title='bbox 713 529 859 603; x_wconf 77' lang='lat' dir='ltr'>possem,</span> <span class='ocrx_word' id='word_1_13' title='bbox 884 531 989 606; x_wconf 86' lang='lat' dir='ltr'>quam</span> <span class='ocrx_word' id='word_1_14' title='bbox 1007 529 1088 579; x_wconf 91' lang='lat' dir='ltr'>eum</span> <span class='ocrx_word' id='word_1_15' title='bbox 1109 507 1170 606; x_wconf 93' lang='lat' dir='ltr'>qui</span> <span class='ocrx_word' id='word_1_16' title='bbox 1187 508 1363 607; x_wconf 90' lang='lat' dir='ltr'>aequitate</span> <span class='ocrx_word' id='word_1_17' title='bbox 1378 509 1482 607; x_wconf 90' lang='lat' dir='ltr'>regi-</span> 
     </span>
     <span class='ocr_line' id='line_1_4' title="bbox 348 622 1485 723; baseline 0.003 -28"><span class='ocrx_word' id='word_1_18' title='bbox 348 653 367 699; x_wconf 83' lang='lat'>»</span> <span class='ocrx_word' id='word_1_19' title='bbox 384 636 454 716; x_wconf 85' lang='lat' dir='ltr'>tur,</span> <span class='ocrx_word' id='word_1_20' title='bbox 471 622 608 723; x_wconf 86' lang='lat' dir='ltr'>legibus</span> <span class='ocrx_word' id='word_1_21' title='bbox 621 634 770 712; x_wconf 86' lang='lat' dir='ltr'>tenetur,</span> <span class='ocrx_word' id='word_1_22' title='bbox 784 624 987 720; x_wconf 80' lang='lat' dir='ltr'>integritate</span> <span class='ocrx_word' id='word_1_23' title='bbox 999 646 1041 697; x_wconf 87' lang='lat' dir='ltr'>ac</span> <span class='ocrx_word' id='word_1_24' title='bbox 1057 624 1226 722; x_wconf 87' lang='lat' dir='ltr'>sapientia</span> <span class='ocrx_word' id='word_1_25' title='bbox 1238 622 1485 722; x_wconf 57' lang='lat' dir='ltr'>gubernatum</span> 
     </span>
     <span class='ocr_line' id='line_1_5' title="bbox 347 740 1484 845; baseline 0.004 -32"><span class='ocrx_word' id='word_1_26' title='bbox 347 770 367 814; x_wconf 81' lang='lat' dir='ltr'>u</span> <span class='ocrx_word' id='word_1_27' title='bbox 384 743 445 818; x_wconf 91' lang='lat' dir='ltr'>ubi</span> <span class='ocrx_word' id='word_1_28' title='bbox 462 742 615 831; x_wconf 83' lang='lat' dir='ltr'>virtutis,</span> <span class='ocrx_word' id='word_1_29' title='bbox 633 741 877 845; x_wconf 77' lang='lat' dir='ltr'>continentiae,</span> <span class='ocrx_word' id='word_1_30' title='bbox 901 740 1101 838; x_wconf 77' lang='lat' dir='ltr'>gravitatis,</span> <span class='ocrx_word' id='word_1_31' title='bbox 1126 741 1291 832; x_wconf 79' lang='lat' dir='ltr'>iustitiae,</span> <span class='ocrx_word' id='word_1_32' title='bbox 1316 741 1399 816; x_wconf 92' lang='lat' dir='ltr'>fidei</span> <span class='ocrx_word' id='word_1_33' title='bbox 1421 743 1484 817; x_wconf 89' lang='lat' dir='ltr'>do-</span> 
     </span>
     <span class='ocr_line' id='line_1_6' title="bbox 351 856 1486 960; baseline 0.001 -29"><span class='ocrx_word' id='word_1_34' title='bbox 351 887 371 933; x_wconf 90' lang='lat'>»</span> <span class='ocrx_word' id='word_1_35' title='bbox 389 860 559 935; x_wconf 90' lang='lat' dir='ltr'>micilium</span> <span class='ocrx_word' id='word_1_36' title='bbox 576 870 652 950; x_wconf 79' lang='lat' dir='ltr'>est3</span> <span class='ocrx_word' id='word_1_37' title='bbox 668 856 728 931; x_wconf 93' lang='lat' dir='ltr'>ubi</span> <span class='ocrx_word' id='word_1_38' title='bbox 747 857 930 957; x_wconf 91' lang='lat' dir='ltr'>imperium</span> <span class='ocrx_word' id='word_1_39' title='bbox 947 869 988 932; x_wconf 90' lang='lat' dir='ltr'>ut</span> <span class='ocrx_word' id='word_1_40' title='bbox 1004 859 1198 933; x_wconf 85' lang='lat' dir='ltr'>maximum</span> <span class='ocrx_word' id='word_1_41' title='bbox 1216 868 1268 933; x_wconf 90' lang='lat' dir='ltr'>est</span> <span class='ocrx_word' id='word_1_42' title='bbox 1285 868 1392 960; x_wconf 89' lang='lat' dir='ltr'>atque</span> <span class='ocrx_word' id='word_1_43' title='bbox 1408 884 1486 932; x_wconf 87' lang='lat' dir='ltr'>am·</span> 
     </span>
     <span class='ocr_line' id='line_1_7' title="bbox 351 973 1485 1075; baseline 0.004 -28"><span class='ocrx_word' id='word_1_44' title='bbox 351 1003 371 1049; x_wconf 90' lang='lat'>›&gt;</span> <span class='ocrx_word' id='word_1_45' title='bbox 390 977 596 1075; x_wconf 80' lang='lat' dir='ltr'>plissimum</span> <span class='ocrx_word' id='word_1_46' title='bbox 613 976 663 1048; x_wconf 88' lang='lat' dir='ltr'>ita</span> <span class='ocrx_word' id='word_1_47' title='bbox 679 973 858 1075; x_wconf 83' lang='lat' dir='ltr'>aequabile</span> <span class='ocrx_word' id='word_1_48' title='bbox 874 985 910 1049; x_wconf 94' lang='lat' dir='ltr'>et</span> <span class='ocrx_word' id='word_1_49' title='bbox 926 976 1159 1067; x_wconf 68' lang='lat' dir='ltr'>moderatum</span> <span class='ocrx_word' id='word_1_50' title='bbox 1176 975 1284 1051; x_wconf 89' lang='lat' dir='ltr'>animi</span> <span class='ocrx_word' id='word_1_51' title='bbox 1301 977 1338 1049; x_wconf 91' lang='lat' dir='ltr'>in</span> <span class='ocrx_word' id='word_1_52' title='bbox 1355 1000 1485 1051; x_wconf 89' lang='lat' dir='ltr'>consu·</span> 
     </span>
     <span class='ocr_line' id='line_1_8' title="bbox 352 1091 1483 1192; baseline 0.004 -27"><span class='ocrx_word' id='word_1_53' title='bbox 352 1123 372 1167; x_wconf 87' lang='lat'>›&gt;</span> <span class='ocrx_word' id='word_1_54' title='bbox 390 1095 490 1170; x_wconf 90' lang='lat' dir='ltr'>leudo</span> <span class='ocrx_word' id='word_1_55' title='bbox 503 1092 611 1183; x_wconf 74' lang='lat' dir='ltr'>liberi,</span> <span class='ocrx_word' id='word_1_56' title='bbox 624 1094 711 1168; x_wconf 90' lang='lat' dir='ltr'>nulli</span> <span class='ocrx_word' id='word_1_57' title='bbox 729 1091 873 1182; x_wconf 84' lang='lat' dir='ltr'>libidini,</span> <span class='ocrx_word' id='word_1_58' title='bbox 886 1092 973 1167; x_wconf 91' lang='lat' dir='ltr'>nulli</span> <span class='ocrx_word' id='word_1_59' title='bbox 987 1092 1112 1168; x_wconf 90' lang='lat' dir='ltr'>delicto</span> <span class='ocrx_word' id='word_1_60' title='bbox 1124 1092 1276 1184; x_wconf 77' lang='lat' dir='ltr'>obnoxii,</span> <span class='ocrx_word' id='word_1_61' title='bbox 1292 1094 1483 1192; x_wconf 82' lang='lat' dir='ltr'>prudentes</span> 
     </span>
     <span class='ocr_line' id='line_1_9' title="bbox 352 1209 1483 1312; baseline 0.004 -27"><span class='ocrx_word' id='word_1_62' title='bbox 352 1242 371 1287; x_wconf 87' lang='lat'>»</span> <span class='ocrx_word' id='word_1_63' title='bbox 391 1218 530 1291; x_wconf 88' lang='lat' dir='ltr'>clavum</span> <span class='ocrx_word' id='word_1_64' title='bbox 548 1214 682 1312; x_wconf 87' lang='lat' dir='ltr'>imperii</span> <span class='ocrx_word' id='word_1_65' title='bbox 707 1221 840 1300; x_wconf 79' lang='lat' dir='ltr'>tenent,</span> <span class='ocrx_word' id='word_1_66' title='bbox 857 1221 892 1285; x_wconf 88' lang='lat' dir='ltr'>et</span> <span class='ocrx_word' id='word_1_67' title='bbox 917 1209 999 1287; x_wconf 87' lang='lat' dir='ltr'>beni</span> <span class='ocrx_word' id='word_1_68' title='bbox 1023 1213 1123 1286; x_wconf 90' lang='lat' dir='ltr'>malis</span> <span class='ocrx_word' id='word_1_69' title='bbox 1143 1222 1414 1312; x_wconf 79' lang='lat' dir='ltr'>praeponuntur,</span> <span class='ocrx_word' id='word_1_70' title='bbox 1439 1238 1483 1289; x_wconf 84' lang='lat' dir='ltr'>ac</span> 
     </span>
     <span class='ocr_line' id='line_1_10' title="bbox 350 1327 1483 1431; baseline 0.004 -29"><span class='ocrx_word' id='word_1_71' title='bbox 350 1359 371 1403; x_wconf 87' lang='lat'>»</span> <span class='ocrx_word' id='word_1_72' title='bbox 388 1334 604 1431; x_wconf 86' lang='lat' dir='ltr'>privatorum</span> <span class='ocrx_word' id='word_1_73' title='bbox 618 1329 872 1404; x_wconf 91' lang='lat' dir='ltr'>commodorum</span> <span class='ocrx_word' id='word_1_74' title='bbox 885 1327 993 1419; x_wconf 85' lang='lat' dir='ltr'>obliti,</span> <span class='ocrx_word' id='word_1_75' title='bbox 1006 1340 1120 1404; x_wconf 89' lang='lat' dir='ltr'>totum</span> <span class='ocrx_word' id='word_1_76' title='bbox 1132 1354 1257 1430; x_wconf 87' lang='lat' dir='ltr'>corpus</span> <span class='ocrx_word' id='word_1_77' title='bbox 1269 1330 1483 1429; x_wconf 85' lang='lat' dir='ltr'>reipublicae</span> 
     </span>
     <span class='ocr_line' id='line_1_11' title="bbox 353 1447 1481 1549; baseline 0.004 -31"><span class='ocrx_word' id='word_1_78' title='bbox 353 1475 373 1519; x_wconf 92' lang='grc'>»</span> <span class='ocrx_word' id='word_1_79' title='bbox 391 1449 549 1524; x_wconf 88' lang='lat' dir='ltr'>unanimi</span> <span class='ocrx_word' id='word_1_80' title='bbox 574 1470 744 1522; x_wconf 86' lang='lat' dir='ltr'>consensu</span> <span class='ocrx_word' id='word_1_81' title='bbox 762 1456 797 1520; x_wconf 90' lang='lat' dir='ltr'>et</span> <span class='ocrx_word' id='word_1_82' title='bbox 815 1472 953 1521; x_wconf 88' lang='lat' dir='ltr'>summa</span> <span class='ocrx_word' id='word_1_83' title='bbox 968 1447 1173 1545; x_wconf 83' lang='lat' dir='ltr'>integritate</span> <span class='ocrx_word' id='word_1_84' title='bbox 1197 1458 1409 1549; x_wconf 89' lang='lat' dir='ltr'>procurant:</span> <span class='ocrx_word' id='word_1_85' title='bbox 1434 1472 1481 1523; x_wconf 86' lang='lat' dir='ltr'>ex</span> 
     </span>
     <span class='ocr_line' id='line_1_12' title="bbox 351 1562 1480 1667; baseline 0.006 -34"><span class='ocrx_word' id='word_1_86' title='bbox 351 1591 371 1635; x_wconf 84' lang='lat'>»</span> <span class='ocrx_word' id='word_1_87' title='bbox 389 1564 517 1666; x_wconf 88' lang='lat' dir='ltr'>quibus</span> <span class='ocrx_word' id='word_1_88' title='bbox 529 1562 737 1662; x_wconf 88' lang='lat' dir='ltr'>sperandum</span> <span class='ocrx_word' id='word_1_89' title='bbox 757 1574 811 1637; x_wconf 87' lang='lat' dir='ltr'>est</span> <span class='ocrx_word' id='word_1_90' title='bbox 824 1564 1006 1639; x_wconf 83' lang='lat' dir='ltr'>civitatem</span> <span class='ocrx_word' id='word_1_91' title='bbox 1020 1575 1173 1639; x_wconf 85' lang='lat' dir='ltr'>vestram</span> <span class='ocrx_word' id='word_1_92' title='bbox 1189 1565 1292 1666; x_wconf 91' lang='lat' dir='ltr'>[quod</span> <span class='ocrx_word' id='word_1_93' title='bbox 1304 1564 1480 1667; x_wconf 71' lang='lat' dir='ltr'>optamus]</span> 
     </span>
     <span class='ocr_line' id='line_1_13' title="bbox 351 1681 1482 1783; baseline 0.004 -29"><span class='ocrx_word' id='word_1_94' title='bbox 351 1710 371 1754; x_wconf 93' lang='grc'>»</span> <span class='ocrx_word' id='word_1_95' title='bbox 388 1685 427 1758; x_wconf 87' lang='lat' dir='ltr'>in</span> <span class='ocrx_word' id='word_1_96' title='bbox 439 1683 513 1757; x_wconf 86' lang='lat' dir='ltr'>dies</span> <span class='ocrx_word' id='word_1_97' title='bbox 527 1681 645 1780; x_wconf 84' lang='lat' dir='ltr'>magis</span> <span class='ocrx_word' id='word_1_98' title='bbox 664 1691 700 1755; x_wconf 88' lang='lat' dir='ltr'>et</span> <span class='ocrx_word' id='word_1_99' title='bbox 717 1681 813 1755; x_wconf 86' lang='lat' dir='ltr'>vires</span> <span class='ocrx_word' id='word_1_100' title='bbox 838 1692 873 1755; x_wconf 92' lang='lat' dir='ltr'>et</span> <span class='ocrx_word' id='word_1_101' title='bbox 898 1706 1025 1759; x_wconf 84' lang='lat' dir='ltr'>nornen</span> <span class='ocrx_word' id='word_1_102' title='bbox 1049 1694 1328 1783; x_wconf 78' lang='lat' dir='ltr'>propagatorem.</span> <span class='ocrx_word' id='word_1_103' title='bbox 1345 1684 1482 1759; x_wconf 81' lang='lat' dir='ltr'>Dehinc</span> 
     </span>
     <span class='ocr_line' id='line_1_14' title="bbox 351 1799 1483 1900; baseline 0.007 -30"><span class='ocrx_word' id='word_1_104' title='bbox 351 1827 371 1873; x_wconf 92' lang='lat'>»</span> <span class='ocrx_word' id='word_1_105' title='bbox 389 1799 627 1898; x_wconf 81' lang='lat' dir='ltr'>intelligebam</span> <span class='ocrx_word' id='word_1_106' title='bbox 647 1799 785 1873; x_wconf 92' lang='lat' dir='ltr'>nullum</span> <span class='ocrx_word' id='word_1_107' title='bbox 810 1799 926 1873; x_wconf 86' lang='lat' dir='ltr'>locum</span> <span class='ocrx_word' id='word_1_108' title='bbox 943 1825 964 1872; x_wconf 84' lang='lat' dir='ltr'>a</span> <span class='ocrx_word' id='word_1_109' title='bbox 980 1824 1037 1874; x_wconf 93' lang='lat' dir='ltr'>me</span> <span class='ocrx_word' id='word_1_110' title='bbox 1053 1801 1137 1898; x_wconf 82' lang='lat' dir='ltr'>eligi</span> <span class='ocrx_word' id='word_1_111' title='bbox 1159 1825 1259 1900; x_wconf 91' lang='lat' dir='ltr'>posse</span> <span class='ocrx_word' id='word_1_112' title='bbox 1276 1802 1483 1877; x_wconf 80' lang='lat' dir='ltr'>commedio</span> 
     </span>
     <span class='ocr_line' id='line_1_15' title="bbox 355 1915 1483 2020; baseline 0.005 -31"><span class='ocrx_word' id='word_1_113' title='bbox 355 1944 376 1990; x_wconf 90' lang='grc'>»</span> <span class='ocrx_word' id='word_1_114' title='bbox 394 1942 483 2007; x_wconf 79' lang='lat' dir='ltr'>rem,</span> <span class='ocrx_word' id='word_1_115' title='bbox 512 1943 554 1991; x_wconf 87' lang='lat' dir='ltr'>ac</span> <span class='ocrx_word' id='word_1_116' title='bbox 578 1917 708 1991; x_wconf 89' lang='lat' dir='ltr'>nostris</span> <span class='ocrx_word' id='word_1_117' title='bbox 735 1915 937 2015; x_wconf 86' lang='lat' dir='ltr'>praesertim</span> <span class='ocrx_word' id='word_1_118' title='bbox 961 1915 1160 1997; x_wconf 90' lang='lat' dir='ltr'>hominibus</span> <span class='ocrx_word' id='word_1_119' title='bbox 1187 1920 1364 2020; x_wconf 86' lang='lat' dir='ltr'>aptiorem.</span> <span class='ocrx_word' id='word_1_120' title='bbox 1391 1920 1483 1995; x_wconf 82' lang='lat' dir='ltr'>Cum</span> 
     </span>
     <span class='ocr_line' id='line_1_16' title="bbox 355 2035 1484 2112; baseline 0.004 -7"><span class='ocrx_word' id='word_1_121' title='bbox 355 2062 375 2105; x_wconf 89' lang='lat'>&gt;›</span> <span class='ocrx_word' id='word_1_122' title='bbox 393 2035 486 2110; x_wconf 92' lang='lat' dir='ltr'>enim</span> <span class='ocrx_word' id='word_1_123' title='bbox 499 2035 536 2108; x_wconf 91' lang='lat' dir='ltr'>in</span> <span class='ocrx_word' id='word_1_124' title='bbox 549 2035 731 2109; x_wconf 86' lang='lat' dir='ltr'>civitatem</span> <span class='ocrx_word' id='word_1_125' title='bbox 749 2044 903 2107; x_wconf 88' lang='lat' dir='ltr'>vestram</span> <span class='ocrx_word' id='word_1_126' title='bbox 920 2059 1039 2109; x_wconf 91' lang='lat' dir='ltr'>omnes</span> <span class='ocrx_word' id='word_1_127' title='bbox 1054 2035 1124 2111; x_wconf 84' lang='lat' dir='ltr'>lere</span> <span class='ocrx_word' id='word_1_128' title='bbox 1136 2036 1245 2111; x_wconf 86' lang='lat' dir='ltr'>totius</span> <span class='ocrx_word' id='word_1_129' title='bbox 1262 2035 1354 2112; x_wconf 87' lang='lat' dir='ltr'>orbis</span> <span class='ocrx_word' id='word_1_130' title='bbox 1371 2036 1484 2110; x_wconf 71' lang='lat' dir='ltr'>natio</span> 
     </span>
     <span class='ocr_line' id='line_1_17' title="bbox 353 2151 1484 2254; baseline 0.002 -31"><span class='ocrx_word' id='word_1_131' title='bbox 353 2178 373 2224; x_wconf 92' lang='grc'>»</span> <span class='ocrx_word' id='word_1_132' title='bbox 391 2177 452 2227; x_wconf 87' lang='lat' dir='ltr'>nes</span> <span class='ocrx_word' id='word_1_133' title='bbox 469 2154 621 2227; x_wconf 84' lang='lat' dir='ltr'>maxime</span> <span class='ocrx_word' id='word_1_134' title='bbox 638 2151 828 2239; x_wconf 85' lang='lat' dir='ltr'>confluant,</span> <span class='ocrx_word' id='word_1_135' title='bbox 845 2162 922 2225; x_wconf 92' lang='lat' dir='ltr'>tum</span> <span class='ocrx_word' id='word_1_136' title='bbox 939 2154 1126 2251; x_wconf 81' lang='lat' dir='ltr'>praecipue</span> <span class='ocrx_word' id='word_1_137' title='bbox 1142 2154 1272 2252; x_wconf 72' lang='lat' dir='ltr'>graeci,</span> <span class='ocrx_word' id='word_1_138' title='bbox 1295 2152 1355 2254; x_wconf 93' lang='lat' dir='ltr'>qui</span> <span class='ocrx_word' id='word_1_139' title='bbox 1373 2177 1393 2226; x_wconf 93' lang='lat' dir='ltr'>e</span> <span class='ocrx_word' id='word_1_140' title='bbox 1409 2151 1484 2225; x_wconf 86' lang='lat' dir='ltr'>suis</span> 
     </span>
     <span class='ocr_line' id='line_1_18' title="bbox 353 2269 1483 2372; baseline 0.004 -32"><span class='ocrx_word' id='word_1_141' title='bbox 353 2296 373 2341; x_wconf 92' lang='lat'>»</span> <span class='ocrx_word' id='word_1_142' title='bbox 391 2270 580 2369; x_wconf 86' lang='lat' dir='ltr'>provinciis</span> <span class='ocrx_word' id='word_1_143' title='bbox 605 2271 749 2368; x_wconf 79' lang='lat' dir='ltr'>navigio</span> <span class='ocrx_word' id='word_1_144' title='bbox 775 2270 971 2361; x_wconf 65' lang='lat' dir='ltr'>venientes</span> <span class='ocrx_word' id='word_1_145' title='bbox 988 2272 1147 2346; x_wconf 88' lang='lat' dir='ltr'>Venetiis</span> <span class='ocrx_word' id='word_1_146' title='bbox 1162 2271 1316 2372; x_wconf 89' lang='lat' dir='ltr'>primum</span> <span class='ocrx_word' id='word_1_147' title='bbox 1340 2269 1483 2345; x_wconf 87' lang='lat' dir='ltr'>descen·</span> 
     </span>
     <span class='ocr_line' id='line_1_19' title="bbox 356 2387 1483 2488; baseline 0.003 -28"><span class='ocrx_word' id='word_1_148' title='bbox 356 2413 376 2460; x_wconf 85' lang='lat'>›&gt;</span> <span class='ocrx_word' id='word_1_149' title='bbox 393 2388 547 2479; x_wconf 78' lang='lat' dir='ltr'>dunt3ea</span> <span class='ocrx_word' id='word_1_150' title='bbox 559 2398 735 2488; x_wconf 85' lang='lat' dir='ltr'>praeterea</span> <span class='ocrx_word' id='word_1_151' title='bbox 747 2387 930 2463; x_wconf 84' lang='lat' dir='ltr'>vobiscum</span> <span class='ocrx_word' id='word_1_152' title='bbox 942 2389 1199 2464; x_wconf 82' lang='lat' dir='ltr'>necessitudine</span> <span class='ocrx_word' id='word_1_153' title='bbox 1211 2388 1377 2478; x_wconf 72' lang='lat' dir='ltr'>devincti,</span> <span class='ocrx_word' id='word_1_154' title='bbox 1386 2399 1430 2463; x_wconf 90' lang='lat' dir='ltr'>ut</span> <span class='ocrx_word' id='word_1_155' title='bbox 1440 2387 1483 2463; x_wconf 82' lang='lat' dir='ltr'>ad</span> 
     </span>
     <span class='ocr_line' id='line_1_20' title="bbox 354 2503 1483 2606; baseline 0.002 -30"><span class='ocrx_word' id='word_1_156' title='bbox 354 2531 374 2577; x_wconf 92' lang='lat'>»</span> <span class='ocrx_word' id='word_1_157' title='bbox 393 2516 546 2581; x_wconf 88' lang='lat' dir='ltr'>vestram</span> <span class='ocrx_word' id='word_1_158' title='bbox 554 2506 688 2606; x_wconf 86' lang='lat' dir='ltr'>appulsi</span> <span class='ocrx_word' id='word_1_159' title='bbox 702 2503 834 2594; x_wconf 72' lang='lat' dir='ltr'>urbem,</span> <span class='ocrx_word' id='word_1_160' title='bbox 844 2507 942 2605; x_wconf 85' lang='lat' dir='ltr'>quasi</span> <span class='ocrx_word' id='word_1_161' title='bbox 953 2506 1102 2581; x_wconf 88' lang='lat' dir='ltr'>alterum</span> <span class='ocrx_word' id='word_1_162' title='bbox 1111 2505 1349 2605; x_wconf 82' lang='lat' dir='ltr'>Byzanthium</span> <span class='ocrx_word' id='word_1_163' title='bbox 1361 2505 1483 2580; x_wconf 86' lang='lat' dir='ltr'>introi·</span> 
     </span>
     <span class='ocr_line' id='line_1_21' title="bbox 355 2622 1482 2724; baseline 0.003 -32"><span class='ocrx_word' id='word_1_164' title='bbox 355 2650 374 2694; x_wconf 91' lang='lat'>»</span> <span class='ocrx_word' id='word_1_165' title='bbox 393 2649 430 2698; x_wconf 91' lang='lat' dir='ltr'>re</span> <span class='ocrx_word' id='word_1_166' title='bbox 438 2624 641 2711; x_wconf 66' lang='lat' dir='ltr'>rideantur.</span> <span class='ocrx_word' id='word_1_167' title='bbox 657 2626 740 2697; x_wconf 85' lang='lat' dir='ltr'>Post</span> <span class='ocrx_word' id='word_1_168' title='bbox 757 2622 842 2698; x_wconf 86' lang='lat' dir='ltr'>baec</span> <span class='ocrx_word' id='word_1_169' title='bbox 860 2624 1026 2724; x_wconf 91' lang='lat' dir='ltr'>quomodo</span> <span class='ocrx_word' id='word_1_170' title='bbox 1043 2633 1176 2723; x_wconf 86' lang='lat' dir='ltr'>poterat</span> <span class='ocrx_word' id='word_1_171' title='bbox 1191 2623 1257 2699; x_wconf 87' lang='lat' dir='ltr'>boc</span> <span class='ocrx_word' id='word_1_172' title='bbox 1273 2623 1482 2698; x_wconf 90' lang='lat' dir='ltr'>beneficium</span> 
     </span>
     <span class='ocr_line' id='line_1_22' title="bbox 356 2739 1483 2842; baseline 0.004 -32"><span class='ocrx_word' id='word_1_173' title='bbox 356 2768 375 2811; x_wconf 91' lang='lat'>&gt;›</span> <span class='ocrx_word' id='word_1_174' title='bbox 393 2740 530 2816; x_wconf 85' lang='lat' dir='ltr'>anobis</span> <span class='ocrx_word' id='word_1_175' title='bbox 554 2740 735 2814; x_wconf 84' lang='lat' dir='ltr'>honestius</span> <span class='ocrx_word' id='word_1_176' title='bbox 751 2741 867 2832; x_wconf 78' lang='lat' dir='ltr'>locari,</span> <span class='ocrx_word' id='word_1_177' title='bbox 894 2768 998 2842; x_wconf 89' lang='lat' dir='ltr'>quam</span> <span class='ocrx_word' id='word_1_178' title='bbox 1024 2743 1115 2842; x_wconf 90' lang='lat' dir='ltr'>apud</span> <span class='ocrx_word' id='word_1_179' title='bbox 1140 2766 1197 2816; x_wconf 88' lang='lat' dir='ltr'>eos</span> <span class='ocrx_word' id='word_1_180' title='bbox 1213 2741 1382 2831; x_wconf 82' lang='lat' dir='ltr'>homines,</span> <span class='ocrx_word' id='word_1_181' title='bbox 1408 2739 1483 2840; x_wconf 92' lang='lat' dir='ltr'>qui·</span> 
     </span>
     <span class='ocr_line' id='line_1_23' title="bbox 354 2856 1485 2955; baseline 0.004 -28"><span class='ocrx_word' id='word_1_182' title='bbox 354 2883 374 2929; x_wconf 89' lang='lat'>›&gt;</span> <span class='ocrx_word' id='word_1_183' title='bbox 391 2856 457 2932; x_wconf 91' lang='lat' dir='ltr'>bus</span> <span class='ocrx_word' id='word_1_184' title='bbox 475 2881 542 2955; x_wconf 84' lang='lat' dir='ltr'>ego</span> <span class='ocrx_word' id='word_1_185' title='bbox 554 2857 675 2931; x_wconf 91' lang='lat' dir='ltr'>multis</span> <span class='ocrx_word' id='word_1_186' title='bbox 692 2883 811 2933; x_wconf 88' lang='lat' dir='ltr'>eorum</span> <span class='ocrx_word' id='word_1_187' title='bbox 824 2861 861 2932; x_wconf 92' lang='lat' dir='ltr'>in</span> <span class='ocrx_word' id='word_1_188' title='bbox 874 2884 930 2933; x_wconf 89' lang='lat' dir='ltr'>me</span> <span class='ocrx_word' id='word_1_189' title='bbox 943 2859 1125 2933; x_wconf 86' lang='lat' dir='ltr'>benefieiis</span> <span class='ocrx_word' id='word_1_190' title='bbox 1138 2859 1324 2934; x_wconf 86' lang='lat' dir='ltr'>devinctus</span> <span class='ocrx_word' id='word_1_191' title='bbox 1337 2856 1485 2932; x_wconf 88' lang='lat' dir='ltr'>obstric-</span> 
     </span>
     <span class='ocr_line' id='line_1_24' title="bbox 356 2972 1487 3077; baseline 0.003 -31"><span class='ocrx_word' id='word_1_192' title='bbox 356 3002 376 3047; x_wconf 92' lang='lat'>»</span> <span class='ocrx_word' id='word_1_193' title='bbox 396 2986 524 3076; x_wconf 89' lang='lat' dir='ltr'>tusque</span> <span class='ocrx_word' id='word_1_194' title='bbox 547 3000 683 3066; x_wconf 82' lang='lat' dir='ltr'>essem3</span> <span class='ocrx_word' id='word_1_195' title='bbox 708 2986 743 3050; x_wconf 91' lang='lat' dir='ltr'>et</span> <span class='ocrx_word' id='word_1_196' title='bbox 768 2977 806 3049; x_wconf 92' lang='lat' dir='ltr'>in</span> <span class='ocrx_word' id='word_1_197' title='bbox 822 3001 864 3051; x_wconf 90' lang='lat' dir='ltr'>ea</span> <span class='ocrx_word' id='word_1_198' title='bbox 880 2978 1035 3068; x_wconf 84' lang='lat' dir='ltr'>civitate,</span> <span class='ocrx_word' id='word_1_199' title='bbox 1052 3002 1157 3077; x_wconf 90' lang='lat' dir='ltr'>quam</span> <span class='ocrx_word' id='word_1_200' title='bbox 1173 2976 1270 3066; x_wconf 85' lang='lat' dir='ltr'>mihi,</span> <span class='ocrx_word' id='word_1_201' title='bbox 1295 2972 1487 3075; x_wconf 83' lang='lat' dir='ltr'>subiugata</span> 
     </span>
     <span class='ocr_line' id='line_1_25' title="bbox 357 3092 1487 3195; baseline 0.005 -33"><span class='ocrx_word' id='word_1_202' title='bbox 357 3118 377 3164; x_wconf 82' lang='lat' dir='ltr'>u</span> <span class='ocrx_word' id='word_1_203' title='bbox 396 3093 553 3182; x_wconf 78' lang='lat' dir='ltr'>Graecia,</span> <span class='ocrx_word' id='word_1_204' title='bbox 571 3117 630 3191; x_wconf 92' lang='lat' dir='ltr'>pro</span> <span class='ocrx_word' id='word_1_205' title='bbox 647 3095 759 3192; x_wconf 86' lang='lat' dir='ltr'>patria</span> <span class='ocrx_word' id='word_1_206' title='bbox 775 3095 970 3192; x_wconf 71' lang='lat' dir='ltr'>elegissem,</span> <span class='ocrx_word' id='word_1_207' title='bbox 984 3104 1019 3168; x_wconf 87' lang='lat' dir='ltr'>ct</span> <span class='ocrx_word' id='word_1_208' title='bbox 1035 3095 1072 3167; x_wconf 89' lang='lat' dir='ltr'>in</span> <span class='ocrx_word' id='word_1_209' title='bbox 1090 3120 1195 3195; x_wconf 86' lang='lat' dir='ltr'>quam</span> <span class='ocrx_word' id='word_1_210' title='bbox 1211 3092 1368 3168; x_wconf 89' lang='lat' dir='ltr'>adscitus</span> <span class='ocrx_word' id='word_1_211' title='bbox 1387 3119 1408 3168; x_wconf 92' lang='lat' dir='ltr'>a</span> <span class='ocrx_word' id='word_1_212' title='bbox 1426 3116 1487 3168; x_wconf 82' lang='lat' dir='ltr'>vo</span> 
     </span>
     <span class='ocr_line' id='line_1_26' title="bbox 358 3210 1489 3312; baseline 0.003 -30"><span class='ocrx_word' id='word_1_213' title='bbox 358 3237 378 3283; x_wconf 88' lang='lat'>»</span> <span class='ocrx_word' id='word_1_214' title='bbox 395 3211 450 3285; x_wconf 90' lang='lat' dir='ltr'>bis</span> <span class='ocrx_word' id='word_1_215' title='bbox 467 3222 572 3312; x_wconf 84' lang='lat' dir='ltr'>atque</span> <span class='ocrx_word' id='word_1_216' title='bbox 595 3213 961 3287; x_wconf 88' lang='lat' dir='ltr'>honorificentisssime</span> <span class='ocrx_word' id='word_1_217' title='bbox 985 3224 1144 3312; x_wconf 88' lang='lat' dir='ltr'>receptus</span> <span class='ocrx_word' id='word_1_218' title='bbox 1161 3210 1338 3285; x_wconf 76' lang='lat' dir='ltr'>fuissem?</span> <span class='ocrx_word' id='word_1_219' title='bbox 1363 3211 1489 3312; x_wconf 87' lang='lat' dir='ltr'>ltaque</span> 
     </span>
     <span class='ocr_line' id='line_1_27' title="bbox 359 3328 1491 3428; baseline 0.003 -30"><span class='ocrx_word' id='word_1_220' title='bbox 359 3355 378 3399; x_wconf 92' lang='lat'>»</span> <span class='ocrx_word' id='word_1_221' title='bbox 397 3331 558 3405; x_wconf 87' lang='lat' dir='ltr'>conscius</span> <span class='ocrx_word' id='word_1_222' title='bbox 575 3330 794 3404; x_wconf 85' lang='lat' dir='ltr'>mortalitatis</span> <span class='ocrx_word' id='word_1_223' title='bbox 812 3355 918 3419; x_wconf 74' lang='lat' dir='ltr'>meae,</span> <span class='ocrx_word' id='word_1_224' title='bbox 932 3339 967 3403; x_wconf 90' lang='lat' dir='ltr'>et</span> <span class='ocrx_word' id='word_1_225' title='bbox 983 3331 1286 3428; x_wconf 76' lang='lat' dir='ltr'>ingravescentem</span> <span class='ocrx_word' id='word_1_226' title='bbox 1303 3328 1375 3400; x_wconf 87' lang='lat' dir='ltr'>iam</span> <span class='ocrx_word' id='word_1_227' title='bbox 1393 3337 1491 3401; x_wconf 88' lang='lat' dir='ltr'>aeta·</span> 
     </span>
     <span class='ocr_line' id='line_1_28' title="bbox 358 3447 1502 3548; baseline 0.002 -30"><span class='ocrx_word' id='word_1_228' title='bbox 358 3457 469 3523; x_wconf 84' lang='lat' dir='ltr'>»tem</span> <span class='ocrx_word' id='word_1_229' title='bbox 494 3448 717 3548; x_wconf 88' lang='lat' dir='ltr'>diversosque</span> <span class='ocrx_word' id='word_1_230' title='bbox 742 3448 868 3548; x_wconf 90' lang='lat' dir='ltr'>quibus</span> <span class='ocrx_word' id='word_1_231' title='bbox 893 3448 1083 3546; x_wconf 86' lang='lat' dir='ltr'>affligimur</span> <span class='ocrx_word' id='word_1_232' title='bbox 1113 3447 1259 3535; x_wconf 83' lang='lat' dir='ltr'>morbos,</span> <span class='ocrx_word' id='word_1_233' title='bbox 1284 3455 1320 3519; x_wconf 88' lang='lat' dir='ltr'>et</span> <span class='ocrx_word' id='word_1_234' title='bbox 1349 3454 1502 3520; x_wconf 73' lang='lat' dir='ltr'>caetera</span> 
     </span>
     <span class='ocr_line' id='line_1_29' title="bbox 359 3563 1493 3666; baseline 0.003 -29"><span class='ocrx_word' id='word_1_235' title='bbox 359 3591 488 3666; x_wconf 84' lang='lat' dir='ltr'>»quae</span> <span class='ocrx_word' id='word_1_236' title='bbox 517 3568 656 3641; x_wconf 87' lang='lat' dir='ltr'>evenire</span> <span class='ocrx_word' id='word_1_237' title='bbox 685 3577 824 3666; x_wconf 86' lang='lat' dir='ltr'>possent</span> <span class='ocrx_word' id='word_1_238' title='bbox 850 3566 1091 3658; x_wconf 87' lang='lat' dir='ltr'>considerans;</span> <span class='ocrx_word' id='word_1_239' title='bbox 1116 3590 1235 3641; x_wconf 90' lang='lat' dir='ltr'>omnes</span> <span class='ocrx_word' id='word_1_240' title='bbox 1261 3563 1367 3638; x_wconf 90' lang='lat' dir='ltr'>libros</span> <span class='ocrx_word' id='word_1_241' title='bbox 1393 3588 1493 3640; x_wconf 86' lang='lat' dir='ltr'>meos</span> 
     </span>
     <span class='ocr_line' id='line_1_30' title="bbox 360 3681 1496 3785; baseline 0.003 -32"><span class='ocrx_word' id='word_1_242' title='bbox 360 3686 582 3785; x_wconf 88' lang='lat' dir='ltr'>»utriusque</span> <span class='ocrx_word' id='word_1_243' title='bbox 612 3685 755 3782; x_wconf 83' lang='lat' dir='ltr'>linguae</span> <span class='ocrx_word' id='word_1_244' title='bbox 785 3683 1041 3759; x_wconf 83' lang='lat' dir='ltr'>sacratissimae</span> <span class='ocrx_word' id='word_1_245' title='bbox 1065 3683 1140 3758; x_wconf 89' lang='lat' dir='ltr'>aedi</span> <span class='ocrx_word' id='word_1_246' title='bbox 1165 3682 1257 3756; x_wconf 84' lang='lat' dir='ltr'>beati</span> <span class='ocrx_word' id='word_1_247' title='bbox 1286 3681 1400 3755; x_wconf 87' lang='lat' dir='ltr'>Marci</span> <span class='ocrx_word' id='word_1_248' title='bbox 1431 3705 1496 3756; x_wconf 83' lang='lat' dir='ltr'>ue-</span> 
     </span>
     <span class='ocr_line' id='line_1_31' title="bbox 359 3798 1495 3901; baseline 0.003 -31"><span class='ocrx_word' id='word_1_249' title='bbox 359 3827 380 3872; x_wconf 88' lang='lat'>»</span> <span class='ocrx_word' id='word_1_250' title='bbox 399 3802 663 3901; x_wconf 83' lang='lat' dir='ltr'>strae&#39;inclytae</span> <span class='ocrx_word' id='word_1_251' title='bbox 688 3801 845 3876; x_wconf 85' lang='lat' dir='ltr'>civitatis</span> <span class='ocrx_word' id='word_1_252' title='bbox 861 3801 949 3875; x_wconf 91' lang='lat' dir='ltr'>dono</span> <span class='ocrx_word' id='word_1_253' title='bbox 973 3800 1050 3874; x_wconf 88' lang='lat' dir='ltr'>dedi</span> <span class='ocrx_word' id='word_1_254' title='bbox 1067 3810 1173 3900; x_wconf 87' lang='lat' dir='ltr'>atque</span> <span class='ocrx_word' id='word_1_255' title='bbox 1188 3798 1315 3889; x_wconf 80' lang='lat' dir='ltr'>dicavi,</span> <span class='ocrx_word' id='word_1_256' title='bbox 1333 3798 1495 3874; x_wconf 87' lang='lat' dir='ltr'>sentiens</span> 
     </span>
     <span class='ocr_line' id='line_1_32' title="bbox 358 3915 1493 4015; baseline 0.004 -27"><span class='ocrx_word' id='word_1_257' title='bbox 358 3943 379 3989; x_wconf 87' lang='lat'>›&gt;</span> <span class='ocrx_word' id='word_1_258' title='bbox 398 3918 503 3991; x_wconf 86' lang='lat' dir='ltr'>talem</span> <span class='ocrx_word' id='word_1_259' title='bbox 520 3943 575 3992; x_wconf 91' lang='lat' dir='ltr'>me</span> <span class='ocrx_word' id='word_1_260' title='bbox 600 3918 756 3993; x_wconf 90' lang='lat' dir='ltr'>animum</span> <span class='ocrx_word' id='word_1_261' title='bbox 772 3929 807 3992; x_wconf 91' lang='lat' dir='ltr'>et</span> <span class='ocrx_word' id='word_1_262' title='bbox 832 3918 1047 3993; x_wconf 86' lang='lat' dir='ltr'>excellentiis</span> <span class='ocrx_word' id='word_1_263' title='bbox 1072 3917 1199 3993; x_wconf 88' lang='lat' dir='ltr'>vestris</span> <span class='ocrx_word' id='word_1_264' title='bbox 1225 3926 1260 3991; x_wconf 90' lang='lat' dir='ltr'>et</span> <span class='ocrx_word' id='word_1_265' title='bbox 1276 3915 1493 4015; x_wconf 83' lang='lat' dir='ltr'>gratitudini</span> 
     </span>
     <span class='ocr_line' id='line_1_33' title="bbox 299 4035 1494 4134; baseline 0.004 -30"><span class='ocrx_word' id='word_1_266' title='bbox 299 4066 304 4078; x_wconf 93' lang='lat'><strong>·</strong></span> <span class='ocrx_word' id='word_1_267' title='bbox 360 4060 379 4105; x_wconf 82' lang='lat' dir='ltr'>u</span> <span class='ocrx_word' id='word_1_268' title='bbox 398 4059 495 4109; x_wconf 89' lang='lat' dir='ltr'>meae</span> <span class='ocrx_word' id='word_1_269' title='bbox 520 4047 556 4109; x_wconf 89' lang='lat' dir='ltr'>et</span> <span class='ocrx_word' id='word_1_270' title='bbox 573 4061 676 4134; x_wconf 90' lang='lat' dir='ltr'>quam</span> <span class='ocrx_word' id='word_1_271' title='bbox 699 4036 784 4109; x_wconf 91' lang='lat' dir='ltr'>mihi</span> <span class='ocrx_word' id='word_1_272' title='bbox 810 4061 1031 4110; x_wconf 91' lang='lat' dir='ltr'>communem</span> <span class='ocrx_word' id='word_1_273' title='bbox 1056 4060 1131 4111; x_wconf 89' lang='lat' dir='ltr'>esse</span> <span class='ocrx_word' id='word_1_274' title='bbox 1156 4035 1330 4124; x_wconf 71' lang='lat' dir='ltr'>voluistis</span> <span class='ocrx_word' id='word_1_275' title='bbox 1356 4035 1494 4133; x_wconf 87' lang='lat' dir='ltr'>patriae</span> 
     </span>
     <span class='ocr_line' id='line_1_34' title="bbox 361 4152 1494 4256; baseline 0.006 -36"><span class='ocrx_word' id='word_1_276' title='bbox 361 4177 379 4223; x_wconf 86' lang='lat'>»</span> <span class='ocrx_word' id='word_1_277' title='bbox 398 4152 577 4243; x_wconf 84' lang='lat' dir='ltr'>debuisse;</span> <span class='ocrx_word' id='word_1_278' title='bbox 600 4164 640 4228; x_wconf 87' lang='lat' dir='ltr'>ut</span> <span class='ocrx_word' id='word_1_279' title='bbox 658 4180 720 4229; x_wconf 80' lang='lat' dir='ltr'>VOS</span> <span class='ocrx_word' id='word_1_280' title='bbox 737 4180 778 4229; x_wconf 83' lang='lat' dir='ltr'>ac</span> <span class='ocrx_word' id='word_1_281' title='bbox 795 4155 893 4228; x_wconf 87' lang='lat' dir='ltr'>liberi</span> <span class='ocrx_word' id='word_1_282' title='bbox 911 4155 1107 4256; x_wconf 86' lang='lat' dir='ltr'>posterique</span> <span class='ocrx_word' id='word_1_283' title='bbox 1124 4154 1244 4244; x_wconf 75' lang='lat' dir='ltr'>vestri,</span> <span class='ocrx_word' id='word_1_284' title='bbox 1262 4152 1324 4253; x_wconf 93' lang='lat' dir='ltr'>qui</span> <span class='ocrx_word' id='word_1_285' title='bbox 1342 4177 1401 4227; x_wconf 90' lang='lat' dir='ltr'>me</span> <span class='ocrx_word' id='word_1_286' title='bbox 1420 4153 1494 4227; x_wconf 88' lang='lat' dir='ltr'>vir-</span> 
     </span>
     <span class='ocr_line' id='line_1_35' title="bbox 360 4268 1494 4371; baseline 0.005 -34"><span class='ocrx_word' id='word_1_287' title='bbox 360 4295 379 4337; x_wconf 87' lang='lat'>»</span> <span class='ocrx_word' id='word_1_288' title='bbox 398 4280 474 4344; x_wconf 88' lang='lat' dir='ltr'>tute</span> <span class='ocrx_word' id='word_1_289' title='bbox 487 4298 528 4344; x_wconf 88' lang='lat' dir='ltr'>ac</span> <span class='ocrx_word' id='word_1_290' title='bbox 543 4273 711 4371; x_wconf 84' lang='lat' dir='ltr'>sapientia</span> <span class='ocrx_word' id='word_1_291' title='bbox 729 4284 856 4361; x_wconf 74' lang='lat' dir='ltr'>vestra,</span> <span class='ocrx_word' id='word_1_292' title='bbox 871 4272 1059 4371; x_wconf 84' lang='lat' dir='ltr'>multisque</span> <span class='ocrx_word' id='word_1_293' title='bbox 1077 4274 1113 4346; x_wconf 91' lang='lat' dir='ltr'>in</span> <span class='ocrx_word' id='word_1_294' title='bbox 1131 4298 1186 4346; x_wconf 91' lang='lat' dir='ltr'>me</span> <span class='ocrx_word' id='word_1_295' title='bbox 1198 4268 1378 4347; x_wconf 82' lang='lat' dir='ltr'>beneficiis</span> <span class='ocrx_word' id='word_1_296' title='bbox 1396 4269 1494 4344; x_wconf 90' lang='lat' dir='ltr'>addi·</span> 
     </span>
    </p>
   </div>
   <div class='ocr_carea' id='block_1_3' title="bbox 0 0 1539 5122">
    <p class='ocr_par' dir='ltr' id='par_1_3' title="bbox 0 0 1539 5122">
     <span class='ocr_line' id='line_1_36' title="bbox 0 0 1539 5122; baseline 0 0"><span class='ocrx_word' id='word_1_297' title='bbox 0 0 1539 5122; x_wconf 95' lang='lat' dir='ltr'> </span> 
     </span>
    </p>
   </div>
  </div>
 </body>
</html>
