3038 5122
1153 284 1157 294 ¹
1232 297 1301 371 281

174 461 185 497 r
206 439 317 503 tribus
332 440 497 522 capitibus,
513 441 567 503 sed
582 440 642 501 duo
657 440 761 519 capita
776 436 915 500 lateralia
930 438 968 498 do
984 437 1137 500 industria
1147 444 1221 499 sunt
1237 457 1305 500 cor-

174 572 189 605 »
208 570 292 615 rusa
308 550 449 614 Profecto
465 572 489 613 s.
507 550 685 611 Antoninus
699 550 732 611 in
749 546 877 612 Summo
894 547 1070 628 tdeotopicu,
1087 555 1167 628 part.
1185 549 1239 624 ΙΙΙ,
1256 553 1307 612 tit.

174 678 191 715 a
210 659 243 733 8,
260 677 289 721 c.
305 661 337 736 4,
354 660 373 741 ξ
389 661 420 735 2,
436 658 630 738 reprehendit
641 660 774 737 meteres
788 676 856 721 eum
863 657 994 734 socium
1011 658 1181 721 Trinitatis
1196 661 1310 739 inrapi-

180 786 197 823 n
213 785 283 829 aeas
298 784 367 829 esar
383 767 482 830 tabas
497 768 658 846 comibus,
673 767 752 847 qnod
770 772 939 829 merum
955 770 1002 827 ert
1015 767 1051 828 ia
1065 783 1170 828 rerum
1184 772 1308 830 uetare.

183 894 200 929 a
217 879 306 937 Anno
325 875 420 950 1628,
437 877 523 937 iussu
539 873 657 937 Urbani
680 892 779 955 papae
795 873 880 948 VIII,
903 872 1085 936 combustae
1107 874 1233 936 fuerunt
1249 873 1309 935 hu·

189 1006 205 1039 r
219 984 371 1047 hinsmodi
386 985 535 1065 pIcturae.
557 983 635 1044 Vide
656 982 717 1044 hac
732 1001 825 1062 super
840 1001 873 1043 re
895 982 1058 1062 epistolam
1072 983 1188 1044 summi
1204 985 1310 1064 ponti-

193 1112 209 1149 »
223 1093 288 1156 ficis
297 1093 459 1155 Benedicti
472 1091 545 1153 XIV
557 1094 706 1171 scriptam
718 1089 846 1171 Iosepho
859 1091 1001 1171 episcopo
1014 1096 1201 1172 augustano,
1214 1090 1309 1163 1745,

199 1222 213 1259 s
227 1202 265 1264 15
277 1202 420 1264 octobris.
436 1224 454 1261 a

272 1310 395 1373 Misaale
409 1308 558 1371 iratribus
573 1311 690 1371 ordinis
705 1307 870 1371 Servorum
886 1308 1025 1370 Venetiis
1048 1308 1311 1371 commorantibus

205 1416 359 1482 nsemiIsse
370 1424 445 1499 puto
462 1437 502 1479 ex
517 1420 659 1479 inaurato
671 1417 759 1478 leone
772 1416 866 1491 alato,
883 1418 914 1479 d
930 1416 1026 1479 Marci
1041 1415 1194 1497 symbolo,
1207 1417 1228 1480 Ι.
1248 1417 1310 1479 158

207 1529 335 1590 anissis
349 1527 566 1590 translationis
582 1544 618 1587 ac
634 1527 838 1607 apparitionis
853 1526 882 1587 d.
898 1525 995 1587 Marci
1008 1546 1016 1605 ;
1041 1531 1125 1588 corte
1141 1528 1312 1589 sanctimo-

209 1636 320 1699 u'rIibus
334 1636 364 1698 d.
380 1637 520 1697 Andreae
534 1636 573 1697 de
588 1634 708 1709 Zirada,
732 1655 771 1696 ex
787 1652 847 1714 qno
862 1635 1011 1697 ascetmio
1026 1636 1138 1715 prodit,
1161 1652 1235 1698 cum
1250 1640 1313 1696 ter-

207 1746 307 1807 meins
322 1745 454 1826 apostoli
471 1747 576 1825 imago
592 1762 653 1805 non
670 1744 745 1804 item
768 1742 897 1804 aliorum
915 1747 1103 1819 sanctorum,
1127 1744 1166 1805 ad
1186 1744 1253 1805 eius
1269 1744 1313 1804 se-

203 1855 270 1915 run
284 1852 400 1915 affabre
414 1854 541 1933 appicta
555 1853 606 1928 sit,
623 1870 734 1931 nempe
750 1852 834 1913 Iesus
850 1871 1003 1933 apparens
1018 1852 1112 1914 Petro
1126 1857 1159 1913 et
1174 1852 1314 1915 Andreae

198 1962 389 2042 piscantibus3
404 1962 542 2024 Andreas
558 1981 575 2023 e
590 1979 692 2035 cruce,
707 1979 779 2021 cnm
794 1961 907 2041 podere
922 1962 962 2022 ad
974 1960 1064 2036 talos,
1081 1963 1235 2041 pendens3
1250 1965 1315 2023 An-

193 2066 275 2135 dreas
289 2077 380 2135 stans
395 2090 468 2134 cum
483 2088 575 2132 cruca
597 2069 725 2131 humero
742 2070 897 2149 imposita.
922 2070 1041 2132 Codicis
1056 2072 1250 2152 tegumentis
1266 2090 1314 2133 se-

190 2178 266 2243 riceo
282 2180 391 2243 villoso
413 2198 518 2261 panno
541 2178 634 2241 rubro
652 2179 804 2259 coopertis
826 2185 977 2259 argentea
999 2184 1182 2241 ornamenta
1203 2179 1312 2242 avulsa

181 2296 267 2352 mut.

273 2400 390 2463 Versus
412 2399 585 2462 calendario
607 2399 742 2480 appositi
766 2399 857 2459 iidem
880 2396 944 2457 iera
959 2403 1035 2457 sunt
1056 2415 1094 2458 ac
1117 2398 1150 2458 in
1173 2397 1314 2461 codices

363 2507 457 2570 huius
472 2508 589 2582 classis,
604 2526 678 2588 pag.
696 2504 845 2571 277-278
862 2554 869 2581 ,
885 2506 947 2566 nisi
962 2506 1043 2585 quod
1353 2498 1357 2505 ’

174 2619 220 2681 hd
233 2620 323 2681 diem
342 2617 382 2679 18
399 2616 532 2678 ianuarii
547 2615 636 2696 legas
648 2639 655 2674 ι

388 2748 406 2785 n
426 2727 508 2787 Anto
523 2726 605 2786 diem
620 2723 744 2785 Priscae
758 2741 920 2801 nunqnam
933 2722 1097 2802 deponitur
1114 2722 1183 2783 allo.

174 2838 220 2901 Ed
238 2834 261 2897 7
278 2835 388 2896 martii
402 2857 408 2894 :

390 2964 408 3001 a
427 2942 523 3005 Demo
537 2942 602 3003 dios
617 2941 752 3013 Domini,
768 2939 862 3001 tertia
879 2936 994 3019 pascha
1010 2940 1073 3001 fiet.

174 3058 212 3119 sd
232 3055 380 3137 primam
396 3050 522 3132 aprilis:

350 3214 361 3225 .
390 3181 409 3218 »
427 3160 533 3221 Prima
548 3159 628 3238 petit
644 3158 716 3220 talis
731 3175 792 3238 qne
808 3174 892 3220 nona
905 3157 1034 3236 requIrit
1049 3156 1164 3237 aprilis.

174 3276 207 3338 rd
224 3273 376 3356 primam
393 3269 490 3330 iunii:

390 3398 409 3436 r>
427 3376 516 3438 Ledit
533 3375 643 3455 quinta
658 3380 771 3448 cutem,
788 3373 908 3434 nullam
922 3375 978 3434 dat
994 3376 1105 3452 quarta
1120 3372 1264 3435 salutern.

174 3493 204 3555 ιὰ
225 3489 379 3572 primam
393 3483 585 3546 decembris:

388 3614 405 3651 »
424 3593 529 3654 Prima
545 3592 626 3672 parit
642 3593 771 3663 luctum,
788 3591 922 3652 multum
938 3591 992 3651 dat
1008 3590 1141 3669 septima
1157 3589 1303 3650 fructum.

176 3810 273 3887 cod.
295 3806 324 3876 8
339 3804 484 3891 membr,
500 3821 592 3875 saec.
610 3805 674 3888 ΙΙΙΙ,
691 3820 720 3873 a.
737 3803 814 3887 238,
831 3803 850 3873 Ι.
874 3803 933 3873 186
951 3803 998 3885 [t.
1016 3802 1065 3887 ΙΙΙ,
1082 3800 1216 3884 cxxvi
1234 3800 1284 3872 ru.

262 4027 410 4093 Mareade
424 4028 513 4089 iustu
529 4027 625 4088 deum
641 4026 782 4088 eeclesiae
797 4025 1007 4106 aquileiensis,
1024 4023 1061 4085 de
1077 4042 1137 4104 qno
1153 4025 1199 4087 sic
1211 4024 1253 4084 Io.
1266 4022 1317 4083 Fr.

174 4152 264 4207 torn.
288 4135 374 4198 Mar.
391 4135 429 4195 de
444 4132 560 4196 Rubeis
579 4131 643 4215 (ηε
672 4155 688 4193 «
706 4133 847 4198 codicem
865 4132 962 4194 alium
984 4149 1043 4214 ego
1059 4132 1199 4213 possideo
1214 4129 1266 4210 qui
1284 4149 1317 4188 o-

235 4377 277 4433 .1j=
306 4371 346 4423 De
364 4373 450 4421 serris
461 4368 690 4433 sornirdr'enrr'dur.
711 4368 816 4431 venet„
836 4366 911 4431 Itos,
930 4384 955 4435 p.
976 4367 1032 4421 loc.
