3112 5130
1180 284 1260 357 45*

115 629 192 700 cod.
207 628 252 699 66
267 628 411 716 membr,
427 645 520 698 saec.
537 629 601 717 xl,
617 645 648 700 a.
663 630 740 717 210,
757 629 777 701 l.
799 631 861 702 140
878 632 925 717 [1..
944 632 979 718 ΙΙ,
997 632 1119 720 ΧΧΧΙ].
1136 634 1198 707 lla.

179 848 338 924 Eiusdem,
354 848 544 928 dialoponcm
560 848 631 911 libri
646 856 787 931 quotuor.
805 850 870 913 Sub
886 850 958 927 fine,
980 852 1062 915 foliis
1080 853 1225 917 lor-loo

89 963 195 1019 exstet
210 958 317 1020 micio
334 973 392 1037 per
410 957 604 1039 alphabetum
618 976 710 1041 super
735 960 849 1023 librum
870 961 988 1041 diclopi
1009 963 1089 1027 boati
1113 960 1226 1046 Gripo-

89 1069 134 1129 m't
151 1083 239 1148 pope.

178 1176 321 1238 Codiccm
337 1174 479 1236 foliorum
498 1175 570 1251 108,
593 1194 655 1238 non
672 1177 741 1239 sine
757 1178 885 1253 mendis,
909 1179 989 1240 dono
1011 1180 1097 1242 dedit
1113 1200 1224 1263 monp-

87 1286 182 1348 cierio
197 1305 222 1347 s.
239 1285 281 1345 Io.
298 1283 508 1361 invidearis,
525 1303 608 1346 enno
627 1283 722 1361 1478,
738 1286 849 1349 Petrus
865 1286 1089 1368 Montcgnsue„

94 1498 172 1569 cod.
188 1499 233 1568 67
249 1497 392 1584 membr„
408 1514 501 1567 saec.
518 1496 597 1584 xlv,
611 1515 643 1568 n
657 1498 735 1583 315,
752 1499 774 1569 Ι.
790 1498 857 1569 m
873 1498 921 1583 [1..
939 1499 974 1587 ll,
991 1499 1140 1587 xxxllll.
1158 1501 1220 1573 llo„

176 1718 285 1780 Floras
300 1719 450 1780 dictorum
470 1736 496 1779 e.
522 1717 665 1798 deposta·
682 1736 792 1799 papae,
816 1718 849 1779 in
872 1717 968 1781 libros
990 1719 1154 1783 duodecim
1170 1720 1220 1783 di-

85 1827 205 1887 stincti
222 1826 309 1886 Ino:
335 1846 352 1885 ‹<
370 1826 497 1887 Creator
511 1827 650 1887 omnium
666 1825 751 1889 Deus
773 1831 861 1908 poter
884 1827 1081 1909 omnipotens
1104 1828 1220 1910 ubique

86 1956 104 1993 n
122 1942 171 1996 est
185 1939 218 1997 ot
233 1934 346 2013 ubique
360 1940 456 2009 lotoe,
473 1936 505 1995 in
522 1939 611 2015 perte
625 1951 698 1997 vero
713 1953 776 1995 non
791 1940 839 1998 est
855 1982 863 1997 .
881 1982 888 1997 .
906 1980 914 1997 .
931 1955 950 1993 »
969 1935 1118 2018 Excerpti
1142 1945 1219 2001 sunt

85 2045 123 2104 od
139 2044 275 2105 litteram
292 2062 332 2104 ex
348 2042 492 2124 Gregorii
515 2043 667 2125 operibus,
689 2043 835 2124 pleraque
856 2062 896 2104 ex
919 2043 1007 2107 libris
1022 2049 1220 2126 repetitionis

84 2154 243 2215 inlotam
266 2152 332 2213 sive
346 2153 521 2228 moralium,
546 2151 585 2213 sb
600 2151 739 2215 Huberto
755 2151 970 2234 Scutteputco
994 2156 1145 2217 canonico
1168 2174 1219 2218 ro-

84 2261 200 2342 gulas,
217 2268 248 2322 ci
263 2262 338 2322 editi
354 2262 482 2323 seorsim
498 2261 596 2322 formo
611 2261 723 2323 minori
740 2279 778 2323 oc
793 2258 826 2323 in
843 2264 978 2325 editione
993 2283 1119 2344 operum
1136 2263 1218 2328 Gre-

84 2374 165 2453 gorii
182 2371 356 2452 gillotioua.

173 2480 277 2541 Codex
293 2478 433 2540 loliorum
450 2480 502 2552 73,
527 2477 642 2558 duplici
658 2478 812 2553 columna,
834 2478 929 2542 hebet
951 2480 1062 2544 titulos
1077 2482 1219 2547 rubrico-

81 2594 131 2649 tos
147 2596 178 2649 ot
195 2590 348 2667 imagines
368 2589 550 2668 pontificum
567 2607 621 2649 seu
638 2589 851 2669 episcoporum
869 2590 901 2651 in
917 2589 1029 2652 litteris
1045 2591 1220 2657 initialibus

81 2698 235 2777 cuiusque
250 2697 331 2759 libri.

114 2912 192 2983 ooo.
208 2913 253 2982 oe
269 2913 386 2996 elau,
408 2911 607 2997 44724474,
624 2927 654 2980 a.
670 2908 784 2999 neor.
807 2911 1107 2999 terlitium
1125 2911 1187 2984 ur.

174 3133 203 3193 l.
220 3132 252 3193 S.
269 3133 376 3193 Isidori
392 3132 577 3212 hispalensis
599 3133 745 3212 episcopi,
762 3133 952 3212 dicloporum
973 3151 1027 3193 seu
1043 3132 1218 3214 soliloquio-

82 3260 166 3317 rum,
183 3241 280 3322 vulgo
296 3243 526 3320 syoettinterum
541 3240 611 3302 libri
627 3243 697 3316 duo,
715 3240 735 3301 f.
756 3240 842 3315 1-26,
859 3241 943 3302 editi.
968 3238 1042 3301 Sub.
1059 3240 1121 3302 fine
1136 3240 1218 3323 legi-

80 3359 155 3412 tur:
175 3350 270 3410 1472.
287 3352 426 3430 Explicit
440 3353 588 3431 decioque
603 3352 705 3413 saneti
723 3350 856 3412 Ysidori.
873 3352 926 3412 odi
943 3349 984 3412 12
1000 3367 1112 3412 morto.

172 3460 204 3521 2.
224 3460 272 3521 De
292 3462 434 3539 pers-iem
450 3461 577 3522 Domini
592 3461 693 3521 tiostri
709 3458 781 3519 Iesu
799 3458 927 3522 Christi.
945 3456 1030 3519 Inc.:
1055 3458 1092 3518 In
1108 3457 1216 3520 diebos

82 3592 99 3627 >>
119 3569 182 3629 illis
198 3569 391 3648 imperatoris
407 3567 562 3629 tetrarcho
578 3567 635 3629 sub
651 3567 762 3628 Pontio
779 3566 879 3628 Pilato
895 3567 1029 3628 troditos
1050 3565 1109 3627 luit
1125 3565 1216 3629 Chri·
1320 3644 1328 3660 .

82 3700 99 3735 ›
117 3683 188 3739 stus
203 3697 222 3738 o
238 3678 340 3739 Iudeis
356 3725 364 3738 .
382 3724 389 3739 .
407 3724 414 3738 .
433 3698 463 3752 n,
486 3676 505 3738 i.
522 3677 634 3741 27-34.
658 3676 898 3738 Narratiunculo
916 3681 965 3738 est
987 3676 1020 3736 in
1036 3693 1099 3755 quo
1114 3675 1215 3737 multo

81 3789 119 3848 de
134 3786 270 3860 Christo,
292 3792 324 3847 et
339 3787 419 3867 quod
443 3787 534 3848 Titus
557 3794 589 3848 et
605 3786 747 3848 Tiberius
762 3786 930 3847 sanitatem
954 3785 1018 3845 sint
1041 3784 1157 3865 adepti,
1180 3804 1216 3847 eo

81 3898 155 3976 quio
171 3896 247 3974 ipsis
263 3902 421 3956 ostensum
444 3896 487 3956 sit
502 3896 661 3957 sudarium
677 3894 813 3968 Domini,
837 3895 919 3973 quod
935 3892 1089 3955 Verooicn
1104 3892 1217 3955 mulier

81 4009 192 4066 sancto
208 4005 291 4083 opud
306 4023 339 4065 se
354 4004 499 4079 habebnt,
515 4004 636 4082 alioque
652 4007 736 4064 certe
751 4002 974 4063 commentitia.
999 4001 1036 4063 In
1052 4020 1090 4064 oe
1104 3999 1215 4081 loseph

81 4112 120 4174 ob
136 4111 340 4174 Arimathoeo
361 4113 490 4192 loquens
506 4113 684 4174 inducitur:
713 4132 730 4169 4
748 4110 789 4172 Et
804 4129 875 4171 vore
890 4109 974 4172 filius
990 4111 1047 4172 Dci
1070 4114 1138 4172 eret
1153 4109 1214 4171 illc.

82 4245 99 4279 »
118 4222 161 4283 Et
176 4241 236 4303 ego
252 4223 377 4302 deposui
393 4241 464 4283 eurn
479 4223 518 4283 de
533 4240 634 4295 cruce,
650 4228 681 4283 et
697 4221 785 4302 posui
806 4239 877 4282 oum
894 4221 926 4281 in
943 4227 1146 4281 monumento
1162 4237 1216 4280 ve·

83 4352 152 4393 »ro
168 4380 176 4395 .
195 4378 227 4393 ..
252 4332 294 4393 Et
316 4332 401 4395 Iudel
424 4336 593 4394 tenuerunt
617 4350 665 4393 me
689 4330 829 4392 clausum
853 4329 886 4389 iu
914 4330 965 4391 dle
987 4346 1153 4410 parasceve
1175 4328 1214 4388 od
