3038 5122
219 527 223 535 .
277 454 584 538 orellolflsstln
612 452 944 535 llrlNllSClill'ThE

15 602 18 607 ⁶
77 699 264 833 ron
339 699 571 835 aaran
627 698 1125 857 innuantur

410 988 809 1079 romanianum

515 1182 709 1193 ——a—

461 1453 751 1528 PROOEMIUM.

142 1792 316 1924 Codicum
343 1848 660 1947 manuscriptorum
685 1845 914 1921 bibliothecae
939 1845 1110 1945 palatinae
1134 1846 1179 1920 ad

49 1967 79 2039 d.
97 1968 204 2041 Marci
222 1966 448 2041 Venetiurum
467 1965 618 2064 pretium
635 1987 736 2038 nemo
753 1973 806 2037 est
823 1963 895 2063 qui,
913 1986 995 2037 cum
1013 1962 1179 2059 graviora

49 2083 251 2172 litterarum,
268 2083 470 2183 praesertim
488 2081 696 2180 philologiae
721 2081 909 2170 orientalia,
935 2103 1074 2178 grecae,
1099 2079 1178 2154 lati·

54 2224 114 2273 nae
128 2200 239 2273 studia
256 2199 314 2273 vel
329 2226 350 2272 a
367 2199 488 2272 limine
499 2199 717 2289 salutaverit,
733 2199 883 2297 ignoret.
896 2198 1111 2273 Testimonio
1123 2199 1178 2271 lu·

59 2317 284 2392 calentissimo
300 2327 384 2391 sunt
400 2340 470 2391 non
486 2326 625 2391 tantum
641 2326 825 2405 nostrates,
842 2316 903 2389 sed
918 2341 963 2391 ex
976 2317 1177 2407 Germania,

63 2434 187 2531 hnglia,
212 2434 337 2524 Gallia,
363 2434 556 2525 Hollandia,
586 2434 647 2534 qui
676 2459 738 2508 seu
765 2436 931 2508 Venetias
960 2435 1177 2525 accedentes,

63 2562 182 2650 anper
207 2552 430 2650 epistolarum
456 2553 715 2641 commercium,
740 2552 832 2626 hauc
857 2562 1011 2650 spartam
1035 2577 1106 2626 nou
1122 2553 1176 2626 in-

64 2669 203 2743 termisso
218 2693 320 2768 opere
345 2681 570 2761 exornarunt,
583 2696 625 2745 ac
641 2669 825 2744 hodiedum
848 2694 985 2770 quoque
1010 2670 1177 2745 recolunt.

64 2787 233 2886 Eapropter
261 2787 402 2862 dimidio
435 2788 573 2863 saeculo
603 2787 763 2888 proxime
792 2797 934 2878 exacto,
966 2787 1178 2861 Laurentiue

65 2902 252 3004 TheopoluS,
275 2904 505 2980 bibliothecae
529 2915 667 2980 nostrae
692 2931 841 3006 praeseS,
867 2906 1068 3005 catalogum
1085 2904 1177 2980 codi-
1235 2998 1241 3009 .

65 3044 133 3092 cum
159 3022 485 3121 manuscriptorum,
513 3046 633 3097 eornm
662 3024 846 3123 praecipue
875 3047 961 3124 quos
990 3021 1177 3097 cardinalis

64 3138 229 3215 Bessarion
259 3138 468 3239 reipublicae
492 3138 580 3214 dono
605 3140 721 3230 dedit,
746 3139 990 3215 instruendum
1015 3142 1179 3231 curavit,

64 3279 150 3354 opera
172 3257 327 3332 adhibita
343 3258 487 3332 Antonii
503 3258 634 3331 Mariae
652 3260 789 3335 Zanetti
806 3269 841 3334 et
862 3259 1009 3333 Antonii
1025 3259 1179 3357 Bongio-

66 3374 155 3445 raoni
173 3373 230 3473 (l)
257 3375 496 3450 Veruntamen
514 3400 559 3450 ex
585 3401 652 3476 quo
669 3375 835 3451 librorum
861 3377 1179 3476 manuscriptorum

65 3512 162 3586 seges,
178 3491 395 3593 quarundam
420 3492 641 3592 potissimum
666 3491 953 3569 bibliothecarum
971 3495 1180 3583 accessione,

65 3604 96 3676 in
109 3608 312 3683 immensum
338 3611 461 3699 crevit,
487 3609 663 3710 amplioris
689 3612 840 3710 catalogi
866 3612 1051 3686 editionem
1069 3611 1181 3685 erudi-

62 3736 161 3798 torum
178 3728 444 3826 investigationi
470 3753 540 3803 non
556 3738 695 3803 tantum
721 3740 960 3829 opportunam,
985 3729 1045 3804 sed
1061 3753 1181 3803 ncces·

59 3844 174 3917 sariam
192 3845 365 3921 existimo.
383 3849 423 3920 lu
440 3845 475 3920 id
492 3871 572 3920 cum
590 3845 633 3919 ab
650 3846 752 3919 annis
769 3847 925 3946 quinque
941 3872 1045 3946 super
1061 3845 1182 3945 vigin-

111 4121 143 4180 Α)
158 4120 260 4172 Graeca
272 4121 296 4173 d.
313 4121 404 4173 Mami
416 4119 572 4174 bibliotheca
589 4123 706 4174 codicum
719 4125 969 4186 arorruscra'ptorum,
980 4134 1030 4185 per
1046 4123 1138 4173 titulos
1149 4121 1190 4172 di-

45 4211 111 4270 ,rerto
125 4206 211 4275 [curis
224 4211 336 4262 Antonii
350 4210 384 4261 lt.
399 4212 505 4262 Zanetti
520 4213 547 4262 et
559 4212 671 4262 Antonii
689 4210 901 4280 Boogiovauni]
921 4208 1142 4274 Venetiis,1740,
1161 4223 1188 4273 p.

46 4296 101 4361 XX,
113 4299 173 4361 323,
187 4300 220 4352 s.⁰
237 4327 267 4337 -
281 4299 384 4351 Latina
395 4302 420 4350 et
433 4301 528 4351 italica
540 4299 564 4350 d.
579 4298 671 4351 Marci
688 4299 844 4351 bibliotheca
855 4298 973 4351 codicum
990 4297 1188 4363 iurauerun-

40 4402 98 4448 ,ψη
104 4384 197 4461 [curis
207 4389 322 4448 Antonii
336 4387 370 4440 M.
385 4388 512 4458 Zauetti]¹
527 4388 656 4451 venetiis,
672 4388 748 4453 1741,
762 4404 788 4455 p.
801 4389 864 4449 268,
878 4387 910 4437 [⁰

1057 4475 1071 4527 1
