3038 5122
419 159 445 234 2

421 296 460 384 ti,
477 295 674 370 demandati
692 297 847 371 muneris
864 298 990 395 gratia,
1008 298 1123 373 studia
1144 299 1278 374 lubenti
1296 302 1412 376 auimo
1429 311 1513 377 cont

422 411 550 502 fissam,
576 412 658 487 adeo
684 414 864 487 materiam
891 441 969 487 sum
995 418 1134 515 penitus
1159 429 1397 516 perscrutatus
1423 430 1463 492 ut
1480 445 1516 491 m

420 553 529 627 gnam
547 530 699 628 catalogi
717 545 849 629 partem
867 557 1033 630 pararem.
1057 535 1124 609 Cui
1140 535 1207 610 rite
1231 536 1377 635 praefari
1395 562 1478 610 cum
1502 570 1511 603 i

420 658 510 737 cent,
527 650 726 747 generalem
744 649 902 725 codicum
914 661 1112 726 nostrorum
1128 652 1310 728 historiam
1324 652 1518 728 evolvenda

420 765 616 865 aggredior.

898 1008 1024 1081 CAP.
1063 1010 1087 1080 l.

468 1238 689 1309 Bibliothecae
706 1239 805 1308 initia.
823 1237 939 1308 Munus
955 1238 1124 1310 francisci
1142 1239 1348 1311 Patraroiraa
1364 1257 1395 1311 a.
1417 1240 1511 1311 1362.

524 1464 637 1548 Quam
654 1461 814 1537 fabellam
840 1463 1050 1562 Fulgentius
1066 1464 1235 1538 Maufredi
1260 1464 1302 1538 de
1327 1463 1493 1539 bibliothe

423 1590 562 1654 nostrae
578 1579 795 1670 rudimentis,
810 1582 1036 1656 Venetiarum
1053 1580 1132 1655 duci
1150 1582 1308 1656 Andreae
1321 1582 1479 1656 Dandulo
1493 1593 1519 1656 t·

422 1695 581 1788 buendis,
597 1695 712 1772 effutit
735 1699 780 1796 (i)
807 1696 903 1774 nullo
919 1699 996 1773 aem
1023 1698 1097 1773 cius
1113 1700 1329 1775 documento
1346 1699 1519 1799 comprob

424 1813 649 1912 Singularem
665 1815 756 1889 hanc
773 1814 909 1889 laudem
926 1814 1114 1891 Francisco
1129 1817 1348 1907 Petrarohae‚
1372 1816 1518 1891 humani

422 1955 502 2006 rum
519 1932 714 2006 litterarum
731 1930 886 2008 initalia
907 1934 1132 2009 instauratori
1152 1932 1211 2033 (2),
1224 1935 1479 2009 minimedene
1502 1968 1508 2001 ι

423 2047 504 2123 dam
520 2059 738 2148 compertum
755 2059 818 2125 est.
835 2053 869 2123 is
883 2051 976 2124 enim.
993 2073 1132 2126 summo
1144 2075 1212 2152 quo
1225 2052 1262 2125 in
1276 2052 1459 2127 scientiam
1476 2079 1518 2126 u·

422 2190 561 2241 vasam
586 2165 763 2241 ferebatur
788 2190 914 2258 amore,
939 2192 1107 2266 magnam
1132 2168 1298 2244 librorum
1324 2170 1470 2269 copiam,
1507 2203 1519 2237 ·.

422 2308 570 2386 rumque
586 2285 825 2385 pretiosorum,
842 2309 923 2360 cnm
948 2286 1188 2386 undequaque,
1214 2284 1474 2385 incomparabili
1505 2340 1509 2351 .

422 2401 534 2476 hibita
550 2402 744 2501 diligentia,
766 2402 832 2477 sibi
850 2412 1084 2502 comparasset
1102 2401 1161 2501 (3),
1185 2402 1273 2476 nihil
1291 2402 1405 2502 potius
1422 2400 1491 2476 hab

423 2545 463 2596 eu
479 2527 521 2595 ut
536 2530 722 2621 perpetuae
739 2544 858 2595 eorum
876 2521 1131 2604 conservationi
1149 2520 1354 2610 consuleret,
1380 2519 1511 2622 simulq

422 2637 551 2711 studiis
565 2638 723 2712 fovendis
740 2638 777 2711 in
794 2648 970 2739 posterum
995 2639 1176 2728 conferret,
1202 2658 1307 2738 qnam
1324 2638 1386 2734 prii
1403 2663 1487 2737 qur·
1504 2673 1508 2698 1

364 2847 370 2856 ¹
422 2753 508 2844 looo,
523 2755 623 2856 quasi
640 2755 677 2828 in
694 2756 895 2830 securitatis
916 2755 1100 2845 domicilio,
1125 2752 1285 2855 publicae
1308 2752 1387 2827 fidei
1405 2755 1500 2828 credi

422 2873 609 2974 deponcrc;
626 2899 694 2975 quo
711 2875 802 2950 lacto
819 2871 1089 2950 familiarissimo
1101 2896 1238 2976 quoqne
1251 2896 1314 2948 sno
1326 2875 1453 2949 loanni
1480 2885 1515 2944 i·

424 2991 553 3083 coccio,
566 3016 670 3092 quem
684 2993 833 3092 idipsum
848 2992 1023 3068 facturum
1036 2991 1181 3092 putabat
1195 2991 1253 3090 (4),
1266 2990 1482 3093 obsequutus
1503 3026 1519 3063 a

487 3445 521 3511 <u
536 3465 551 3492 «
564 3447 733 3514 rruerpiossr
747 3445 1001 3516 [tarraconensi
1015 3460 1037 3499 s.
1052 3444 1154 3515 uarro]
1169 3460 1219 3498 eon
1233 3459 1289 3496 una
1302 3428 1379 3509 copia
1390 3441 1417 3492 u
1431 3441 1495 3495 unu
1513 3465 1519 3473 =

418 3551 433 3579 «
444 3533 540 3600 golari,
553 3536 634 3589 chesi
643 3539 740 3590 misero
753 3540 864 3590 insieme
877 3551 924 3602 per
936 3537 1051 3602 operarii
1061 3536 1171 3588 rindrea
1183 3534 1309 3586 Dandcic
1321 3532 1392 3596 dogc
1404 3531 1511 3584 edotio

418 3620 533 3687 mentiti
542 3627 726 3688 procuratorio
738 3625 768 3676 rr·
779 3639 799 3677 s.
814 3622 906 3677 Marco
919 3624 949 3675 ria·
966 3625 1082 3677 Venetia.
1095 3620 1219 3687 Venetia,
1235 3620 1311 3684 ioca,
1324 3634 1350 3686 p.
1363 3619 1405 3671 32.

490 3711 524 3775 (2]
538 3712 606 3763 i'ida
616 3713 652 3764 do
662 3726 694 3765 ec
706 3715 868 3776 talamona,
881 3718 946 3764 aute
957 3714 1016 3764 eina
1027 3724 1109 3779 opera
1120 3712 1242 3765 vanains
1252 3714 1281 3763 at
1292 3709 1413 3761 Baeticae
1424 3707 1510 3763 edita

491 3799 524 3865 (3)
538 3801 691 3865 Petrareha,
704 3803 786 3855 Senti.
801 3804 848 3865 XI,
865 3804 896 3863 13
916 3802 1010 3854 Facili.
1029 3803 1074 3866 111,
1090 3802 1138 3864 183
1158 3802 1206 3865 iii,
1219 3802 1244 3853 2.
1259 3827 1290 3837 —
1304 3798 1475 3861 Boccaccius,
1491 3799 1519 3850 Cr

419 3888 505 3938 mento
521 3901 599 3952 sopra
617 3889 710 3941 Dante.
730 3891 849 3954 Picenae,
871 3890 947 3954 liii,
965 3892 986 3955 i,
1005 3891 1064 3944 231.
1078 3919 1108 3928 -
1129 3890 1258 3943 Colucius
1271 3888 1384 3948 Pierius,
1400 3886 1428 3935 in
1441 3885 1516 3951 Epis

419 3972 538 4028 Mettica
550 3975 748 4042 deauratione,
764 3992 848 4042 qnam
862 3979 939 4043 leges
956 3980 983 4030 in
1002 3979 1136 4041 Petram,
1156 3979 1322 4030 Ceramicos.
1342 3973 1468 4037 Meriana,
1491 3973 1503 4025 i

420 4076 448 4127 p.
461 4060 533 4116 xiii.
547 4092 579 4103 -
592 4065 663 4130 Alio,
676 4066 804 4118 Scriiiorr'
810 4070 955 4131 porciensi.
970 4067 1003 4130 ii,
1017 4081 1041 4132 p.
1058 4062 1139 4118 XLV.

491 4155 527 4217 (4)
545 4154 574 4204 in
593 4154 707 4220 epistola
725 4155 817 4206 ioanni
836 4155 998 4207 Boccaocio:
1021 4173 1035 4201 «
1054 4155 1215 4207 Studiorum
1233 4153 1301 4205 haec
1317 4150 1442 4218 supellex
1462 4164 1517 4203 nos

421 4257 437 4288 a
454 4245 514 4307 post
531 4256 590 4303 nos,
608 4245 630 4294 si
651 4247 744 4296 roiam
763 4258 854 4296 merim
875 4240 948 4296 Deus
966 4244 1109 4307 adiuverit,
1131 4243 1166 4295 ari
1191 4242 1313 4306 aliquem
1331 4240 1416 4292 nostri
1434 4252 1469 4304 pe
1493 4262 1515 4280 ··
