3038 5122
1276 281 1300 351 5

209 420 251 495 nbi
269 443 338 495 rero
362 417 440 494 eins
463 418 542 493 libri
567 429 811 517 reponerentur
836 417 979 493 minime
1004 426 1149 503 constat.
1180 416 1299 512 Quan-

208 565 283 640 quam
296 522 528 612 verosimilius
549 536 742 636 putandum
760 545 813 610 est
829 561 870 610 en
885 547 973 611 tune
990 536 1168 610 volumina
1185 537 1222 609 in
1239 561 1301 611 cu·
1344 601 1346 605 .

205 656 289 731 bieulo
304 680 408 755 prope
424 666 572 756 quatuor
588 678 712 729 nereos
729 678 845 753 equos,
862 678 988 753 pronao
1004 652 1172 739 ecclesiae
1189 652 1300 743 maxi·

204 799 243 848 no
259 775 495 875 superpositos,
516 774 630 848 locate
644 771 763 861 fuisse,
789 772 906 847 eodem
922 795 1047 870 nempe
1067 795 1136 872 quo
1156 769 1252 845 aeds
1268 768 1299 843 d.

200 891 284 966 llarei
305 901 555 991 procuratores,
580 900 741 965 esenntu
767 888 808 964 de
833 888 899 963 loei
924 884 1181 987 opportunitate
1204 908 1300 985 preo-

199 1009 275 1109 repti,
288 1009 417 1109 proprii
434 1008 641 1085 documenta
657 1006 813 1082 muneris
829 1004 1069 1082 custodiebant
1087 1001 1156 1103 (l).-

271 1130 411 1217 Verum,
433 1127 499 1201 etsi
525 1124 662 1199 saeculo
686 1124 942 1225 decimoquinto
967 1146 1083 1222 eoque,
1091 1118 1207 1217 magis
1224 1140 1300 1217 pro·

195 1245 268 1321 rime
294 1245 508 1346 insequenti,
538 1242 665 1317 Veneti
693 1266 825 1339 magna
853 1241 1047 1317 animorum
1077 1237 1301 1335 contentione

193 1386 307 1462 operam
329 1362 457 1437 litteris
481 1370 674 1450 nurarerrt3
700 1358 863 1460 quamvis
887 1382 978 1433 enno
1005 1357 1100 1441 1422
1117 1367 1236 1431 aetrnn
1262 1355 1301 1449 in

193 1488 311 1553 senatus
327 1477 483 1554 consiliis
500 1477 542 1552 do
557 1474 696 1575 publiea
712 1476 916 1551 instruenda
931 1474 1139 1551 bibliotheca
1153 1472 1230 1573 (2),
1247 1488 1299 1547 ta-

194 1618 254 1667 nen
275 1593 483 1695 reipublicae
503 1593 659 1671 dedecori
685 1594 891 1668 vertendum
909 1593 1048 1677 videtur
1064 1591 1156 1693 qnod
1181 1615 1222 1665 ea
1238 1615 1300 1667 ro·

194 1709 301 1785 lumina
329 1709 497 1787 oblivioni
523 1712 688 1786 darentur
717 1735 829 1812 usquo
856 1712 900 1787 ad
928 1736 1060 1785 annum
1093 1710 1204 1797 1634,
1233 1732 1301 1809 quo

193 1829 355 1924 paterinus
379 1825 533 1903 lacobus
557 1829 740 1928 Philippus
764 1829 981 1919 Tomssinus,
1006 1828 1101 1902 niteo
1117 1852 1160 1913 ae
1176 1826 1301 1925 studiis

192 1946 346 2021 Francisci
371 1944 581 2021 Petrarohae
606 1945 819 2021 illustrandis
844 1944 1061 2035 incumbens
1087 1945 1130 2021 de
1154 1944 1198 2029 iis
1224 1942 1301 2029 dili-

191 2064 310 2159 gentins
326 2063 517 2164 inquireret
536 2061 593 2162 (3).
608 2063 820 2139 Benedictus
843 2063 993 2163 Capello,
1010 2063 1124 2164 patrio
1139 2058 1300 2145 nobilita-

191 2183 439 2281 teconspicuus,
456 2205 538 2255 cnm
555 2204 707 2282 aequum
732 2181 908 2257 Tomasiui
933 2181 1140 2256 desiderium
1162 2179 1300 2275 laudas·

191 2306 240 2384 set,
252 2322 289 2372 ae
305 2298 441 2372 codices
464 2298 630 2399 superiori
648 2324 674 2372 s.
691 2299 801 2372 Marci
820 2297 980 2373 cubiculo
996 2298 1109 2372 adhuc
1126 2298 1300 2399 depositos

191 2412 480 2504 nnmudrertisset,
496 2427 618 2490 auctor
643 2413 710 2489 fnit
735 2416 922 2490 Franciseo
943 2418 1162 2506 Manroceno,
1189 2414 1299 2489 Fran-

193 2526 265 2603 cisco
277 2530 405 2606 Melino
421 2530 637 2635 thesaurnrio
662 2541 697 2606 ot
713 2533 841 2607 loanni
856 2533 960 2623 Nani,
977 2531 1254 2630 procuratoribus
1270 2554 1309 2624 c.¹

194 2647 337 2721 Nereide
352 2671 471 2746 supro,
492 2659 533 2723 ut
548 2650 698 2749 pretiosa
723 2674 763 2723 ea
787 2650 982 2725 litterarum
1007 2648 1174 2725 cuemelie
1190 2648 1228 2722 in
1244 2647 1297 2722 lu·

198 2784 254 2835 cen
270 2766 406 2841 tandem
432 2766 658 2840 vindicarent.
684 2766 782 2853 Quod
808 2792 956 2867 pensum
981 2792 1063 2842 eum
1079 2769 1298 2841 Fortunatus

197 2876 294 2956 Unus
310 2907 356 2957 ex
377 2882 509 2957 familia
526 2882 716 2959 cassinensi
734 2883 864 2959 ordinis
886 2912 912 2959 s.
929 2884 1122 2975 Benedicti,
1147 2882 1202 2979 vir
1214 2882 1299 2959 'doc-

197 2992 280 3069 trinae
295 2998 397 3088 fama,
418 3009 459 3073 nt
475 2997 631 3075 ferebant
648 3010 813 3101 tempora,
837 3001 1127 3102 spectatissimus,
1153 2998 1223 3075 sibi·
1237 2999 1298 3073 lro-

199 3112 311 3190 norifiee
326 3117 448 3190 datum
465 3118 681 3217 sumpsisset,
707 3118 812 3194 libros
838 3118 905 3193 dno
930 3116 1001 3192 fere
1018 3116 1158 3221 saecule
1179 3117 1298 3225 negle-

284 3448 359 3501 Cum.
379 3449 443 3501 Diu.
462 3451 536 3503 Com.
555 3452 625 3503 Pari·
646 3451 701 3504 loli.
720 3453 869 3505 Boreoeeio.
888 3454 920 3506 E.
936 3455 1030 3507 Domo.
1050 3455 1078 3507 S.
1096 3454 1126 3507 C.
1138 3452 1252 3519 ..surpta

285 3538 330 3590 Ad.
351 3538 421 3592 llod.
441 3539 505 3591 Adr.
525 3538 567 3592 01.
585 3539 718 3592 Dominus
736 3541 817 3594 Divit
837 3540 1036 3595 Iuroleseentes
1116 3559 1127 3586 ‚-

288 3626 370 3680 llerce
386 3627 496 3689 Quolib.
515 3628 577 3679 Ext.
597 3629 760 3695 Appellcnte
779 3632 950 3696 Aspeonbat.

251 3709 275 3771 tlt
290 3714 454 3769 Tomasinus.
474 3716 616 3769 I’etrarrla
628 3717 770 3771 redivivas.
789 3735 815 3784 p.
831 3720 873 3771 85.
889 3747 921 3758 -
934 3721 1068 3773 Seritturn
1079 3718 1300 3773 de'l‘mcurotori

196 3789 219 3840 ἅ
230 3808 301 3865 upra,
315 3805 342 3856 in
360 3805 523 3858 bibliotheca
541 3810 641 3859 nostre.
661 3806 725 3860 ond
744 3809 837 3860 riserv.
857 3808 916 3871 114,
935 3825 960 3874 p.
983 3810 1040 3861 171.

250 3885 275 3949 {2}
292 3891 352 3945 «Fu
370 3907 451 3959 presa
468 3896 545 3959 porte
563 3894 608 3946 nel
623 3909 693 3960 prun
712 3897 840 3961 corniolen
855 3897 883 3949 di
900 3899 1035 3962 comploro
1052 3896 1072 3946 il
1089 3896 1198 3961 palazzo
1210 3910 1301 3947 nuovo

195 3968 276 4023 *Sulla
289 3982 370 4041 plazze
389 3981 462 4033 dello
479 3986 627 4047 paueteria,
645 3984 713 4036 dore
731 3986 753 4037 si
771 3986 875 4037 dovora
893 3986 948 4037 soro
966 3999 1023 4035 nnn
1041 3984 1187 4036 libreria.»
1206 3984 1301 4039 Sanu-

192 4050 220 4103 do
240 4056 294 4113 troc
308 4067 406 4133 dueum,
425 4071 453 4121 in
472 4070 602 4125 Muratori
620 4073 729 4138 Scrr'ptt
749 4087 797 4125 rer.
819 4073 902 4127 italic.
923 4074 1010 4137 xxn,
1030 4074 1100 4136 ss&
1119 4073 1191 4138 qnod
1209 4088 1300 4126 asser-

193 4144 242 4237 lrun
256 4147 336 4207 fulsum
353 4160 478 4222 omnino,
497 4160 539 4212 uti
556 4175 589 4212 ex
608 4163 690 4214 citato
707 4162 813 4215 decreto
830 4165 864 4216 20
882 4165 1042 4230 septembris
1063 4163 1144 4226 1422,
1163 4163 1236 4228 quod
1256 4164 1301 4215 in-

192 4240 248 4292 ‘'ll-³
263 4254 273 4279 <⁴
289 4240 347 4297 Cum
364 4247 501 4313 palatium
519 4254 644 4303 nostrum
663 4251 824 4317 deputatum
843 4292 848 4304 .
870 4292 875 4304 .
897 4294 901 4303 .
925 4299 930 4310 ,
951 4293 957 4304 ,
978 4294 984 4304 .
1006 4274 1020 4297 r
1039 4256 1151 4307 constet.

253 4326 276 4385 t:
292 4328 453 4400 Tonasinus,
472 4339 517 4403 ibi,
536 4354 561 4403 p.
583 4340 625 4391 85.
