3112 5130
1146 272 1191 346 17

71 434 87 473 s
101 407 265 481 memoria
280 416 401 483 nostra
417 406 665 485 remotissimas
682 410 782 512 quasi
799 417 998 510 praesentes
1014 404 1115 482 nobis
1132 432 1193 481 ex-

73 522 218 597 uhibent
236 534 272 598 ct
288 534 371 599 ante
387 525 504 600 oculos
521 538 663 626 ponunt.
689 531 801 603 Tanta
822 537 876 602 est
893 550 1012 601 eorum
1027 534 1192 625 potestas,

74 650 196 716 »tanta
211 641 382 740 dignitas,
405 653 506 718 tanta
530 645 705 737 maiestas,
730 655 870 720 tantum
896 644 1045 744 denique
1061 667 1192 717 numen

73 786 88 827 r
99 770 146 849 nt,
163 760 236 834 nisi
250 759 332 834 libri
349 760 473 852 forent,
496 761 600 837 rudes
616 787 737 838 omnes
754 787 910 838 essemus
927 772 1033 862 atque
1050 762 1192 851 indocti,

74 877 229 952 »nullam
260 878 333 953 fere
363 879 629 978 praeteritarum
659 904 776 955 rerum
804 882 1022 970 memoriam,
1055 879 1192 953 nullum

74 994 311 1093 »exemplum
334 996 467 1070 nullam
484 997 633 1098 denique
658 1022 724 1072 nec
748 997 959 1088 divinarum,
984 1021 1050 1072 nec
1069 996 1192 1070 huma-

71 1136 221 1185 »nerum
239 1135 358 1186 rerum
371 1113 608 1211 cognitionem
621 1113 846 1205 haberemus;
859 1114 978 1189 eadem
990 1140 1089 1203 urna,
1103 1137 1192 1213 quae

71 1226 280 1303 »bominum
289 1253 431 1329 corpora
440 1230 608 1329 contegit,
617 1232 723 1305 etiem
732 1233 874 1307 nomina
885 1231 1054 1307 obrueret.
1062 1233 1192 1317 Quam·

69 1346 150 1419 aris
167 1356 291 1421 autem
307 1347 392 1422 huic
416 1347 466 1422 rei
483 1356 556 1423 toto
581 1348 696 1424 animo
721 1373 856 1449 sempor
879 1349 1111 1440 incubuerim,
1136 1375 1192 1423 ar·

69 1463 245 1539 »dentiori
271 1474 389 1539 tamen
408 1464 522 1540 studio
538 1476 616 1566 post
632 1468 801 1543 Graeciae
817 1467 994 1542 excidium
1011 1477 1047 1542 et
1062 1466 1192 1541 deflen-

66 1580 171 1655 rdnm
187 1582 384 1681 Byzanthii
409 1582 663 1683 captivitatem,
687 1585 725 1658 in
741 1582 979 1686 perquirendis
995 1585 1134 1684 graecis
1150 1584 1192 1661 li·

63 1697 164 1773 »tris
179 1724 306 1775 ornnes
322 1725 417 1776 meas
442 1701 547 1790 vires,
572 1723 710 1776 omnem
726 1727 859 1794 curam,
884 1726 1022 1778 omnem
1042 1725 1191 1802 operam,

62 1817 311 1908 amenitatem,
335 1817 612 1919 industriamque
633 1819 843 1920 consumpsi.
868 1817 1021 1896 Verebar
1046 1820 1192 1895 enimet

61 1932 405 2011 »vehementissime
420 1934 656 2027 formidabam,
680 1960 726 2012 ne
747 1960 830 2011 eum
847 1938 994 2013 caeteris
1018 1936 1123 2013 rebus
1139 1945 1193 2012 tot

58 2051 384 2127 »excellentissimi
399 2051 489 2144 libri,
505 2062 559 2128 tot
575 2077 791 2130 summorum
809 2054 965 2129 virorum
981 2053 1124 2149 sudores
1138 2063 1192 2128 at·

57 2192 160 2268 »que
175 2167 336 2268 vigiliae,
360 2178 414 2245 tot
435 2169 570 2245 lumina
594 2169 687 2247 orbis
710 2180 824 2246 terrae
838 2169 938 2246 brevi
962 2180 1117 2271 tempore
1132 2196 1191 2272 pe-

59 2286 336 2361 »riclitarentur
359 2297 466 2387 atque
489 2288 664 2388 perirent:
690 2287 980 2389 quemadmodum
1004 2289 1110 2365 etiam
1132 2315 1192 2366 su·

56 2403 218 2502 »potiori
234 2412 390 2503 tempore
401 2413 538 2480 tautam
553 2403 726 2480 iacturam
742 2405 899 2496 fecimus,
911 2416 953 2481 ut
969 2429 1015 2481 ex
1027 2407 1191 2483 ducentis

58 2519 228 2618 »viginti
250 2518 406 2595 millibus
421 2519 600 2611 librorum,
625 2544 712 2621 quos
727 2521 938 2597 Plutarchus
963 2523 1067 2598 refert
1083 2523 1120 2596 in
1136 2521 1190 2597 bi·
1297 2596 1302 2605 .

57 2634 268 2712 abliotheca
284 2638 510 2737 Apamiamm
531 2637 650 2726 fuisse,
675 2638 739 2711 vix
755 2638 850 2713 mille
866 2648 980 2714 aetate
996 2650 1114 2720 nostra
1130 2666 1189 2713 su-

57 2756 237 2855 apersint.
263 2755 389 2830 Conati
418 2765 536 2831 autem
564 2782 698 2847 sumus,
723 2766 894 2857 quantum
919 2757 957 2830 in
982 2755 1081 2831 nobis
1111 2757 1189 2847 firit,

59 2896 76 2937 r>
91 2895 161 2947 non
177 2881 257 2946 tam
274 2872 403 2948 multos
428 2897 533 2973 quam
557 2874 704 2971 optimos
728 2871 833 2948 libros
858 2871 1033 2970 colligere,
1057 2883 1092 2948 et
1117 2873 1189 2946 sin·

58 2990 260 3089 »gadorum
277 3014 419 3090 operum
444 2990 586 3089 singula
602 2989 801 3081 volumina3
826 2990 946 3091 sicque
970 3001 1099 3066 cuncta
1117 2992 1188 3066 iere

58 3133 75 3173 r
91 3108 307 3209 sapientium
322 3124 530 3206 graecorum
546 3131 658 3207 opera,
675 3108 878 3208 praesertim
892 3133 981 3208 quae
997 3134 1075 3182 rara
1088 3120 1188 3183 erant

60 3234 126 3300 »et
141 3226 297 3300 inventu
314 3225 467 3300 difficilia
479 3225 669 3324 coegimus.
687 3227 872 3301 Caeterum
890 3250 972 3300 cum
990 3226 1076 3301 haec
1093 3251 1189 3300 men·

60 3352 124 3417 rte
139 3368 246 3443 saepe
265 3351 466 3443 repeterem,
487 3368 610 3443 parum
627 3342 795 3417 desiderio
812 3367 888 3418 meo
910 3343 1120 3418 satisfecisse
1136 3344 1189 3417 ui-

63 3458 203 3549 odeber,
228 3459 298 3535 nisi
315 3461 443 3561 pariter
461 3459 675 3560 providerem
691 3469 733 3534 ut
750 3458 828 3533 libri
850 3485 937 3561 quos
954 3469 1053 3535 tento
1070 3461 1187 3536 studio

66 3588 123 3651 ret
138 3578 260 3653 labore
276 3602 471 3677 coegeram,
496 3602 552 3651 me
569 3578 663 3667 vivo,
688 3578 738 3651 ita
754 3576 1006 3652 collocarentur·
1023 3587 1064 3651 ut
1081 3579 1188 3651 etiam

65 3722 79 3759 ·>
92 3695 256 3771 destincte
273 3696 431 3795 dissipari
457 3694 668 3794 alienarique
693 3717 763 3768 non
780 3705 943 3793 possent3
969 3694 1028 3768 sed
1054 3695 1091 3767 in
1113 3695 1188 3768 loco

10 3816 12 3823 '
65 3814 207 3916 »aliquo
223 3823 304 3888 tuto
320 3813 424 3886 simul
441 3811 687 3902 accommode,
704 3810 747 3885 ad
764 3836 986 3886 communem
1002 3811 1185 3887 ho'minum

69 3942 159 4006 *mm
177 3954 391 4031 graecorum
408 3956 513 4031 quam
538 3930 724 4003 latinorum
747 3927 935 4002 utilitatem
953 3938 1185 4003 servarentur.

67 4074 78 4103 ⁵
93 4049 164 4124 Hoc
182 4048 300 4148 igitur
325 4046 497 4146 cogitanti
516 4046 612 4134 mihi,
638 4044 836 4145 multasque
852 4045 973 4119 Italiae
990 4043 1094 4118 urbes
1111 4045 1186 4119 ani·
1247 4075 1251 4082 ·

92 4191 144 4241 mo
161 4166 323 4241 volventi
346 4166 417 4239 sola
434 4164 574 4239 tandem
591 4172 709 4237 vostra
735 4161 991 4260 inclytamque
1016 4162 1187 4260 amplissi-

74 4310 145 4359 -ma
163 4285 295 4361 civitas
312 4284 476 4373 occurrit,
502 4283 538 4357 in
556 4307 625 4382 qua
644 4281 781 4355 animus
800 4305 897 4354 mous
915 4280 1008 4353 omui
1026 4304 1070 4353 cx
1089 4290 1186 4377 parto

987 4400 1003 4447 a
