<?xml version="1.0" encoding="UTF-8"?>
<!DOCTYPE html PUBLIC "-//W3C//DTD XHTML 1.0 Transitional//EN"
    "http://www.w3.org/TR/xhtml1/DTD/xhtml1-transitional.dtd">
<html xmlns="http://www.w3.org/1999/xhtml" xml:lang="en" lang="en">
 <head>
  <title>
</title>
<meta http-equiv="Content-Type" content="text/html;charset=utf-8" />
  <meta name='ocr-system' content='tesseract 3.04.00' />
  <meta name='ocr-capabilities' content='ocr_page ocr_carea ocr_par ocr_line ocrx_word'/>
</head>
<body>
  <div class='ocr_page' id='page_1' title='image "bibliothecamanu00valegoog_0566.png"; bbox 0 0 3112 5130; ppageno 0'>
   <div class='ocr_carea' id='block_1_1' title="bbox 1121 280 1191 352">
    <p class='ocr_par' dir='ltr' id='par_1_1' title="bbox 1121 280 1191 352">
     <span class='ocr_line' id='line_1_1' title="bbox 1121 280 1191 352; baseline 0 0"><span class='ocrx_word' id='word_1_1' title='bbox 1121 280 1191 352; x_wconf 78' lang='lat'>183</span> 
     </span>
    </p>
   </div>
   <div class='ocr_carea' id='block_1_2' title="bbox 53 418 1204 4412">
    <p class='ocr_par' dir='ltr' id='par_1_2' title="bbox 53 418 1200 504">
     <span class='ocr_line' id='line_1_2' title="bbox 53 418 1200 504; baseline -0.003 -18"><span class='ocrx_word' id='word_1_2' title='bbox 53 422 148 497; x_wconf 66' lang='lat' dir='ltr'>&#39;clim</span> <span class='ocrx_word' id='word_1_3' title='bbox 165 423 202 485; x_wconf 76' lang='lat' dir='ltr'>de</span> <span class='ocrx_word' id='word_1_4' title='bbox 218 420 335 485; x_wconf 75' lang='lat' dir='ltr'>divinis</span> <span class='ocrx_word' id='word_1_5' title='bbox 349 420 533 497; x_wconf 66' lang='lat' dir='ltr'>mirreorum,</span> <span class='ocrx_word' id='word_1_6' title='bbox 546 424 579 484; x_wconf 91' lang='lat' dir='ltr'>et</span> <span class='ocrx_word' id='word_1_7' title='bbox 591 419 788 504; x_wconf 67' lang='lat' dir='ltr'>ineptiolae.</span> <span class='ocrx_word' id='word_1_8' title='bbox 804 420 888 484; x_wconf 85' lang='lat' dir='ltr'>luc:</span> <span class='ocrx_word' id='word_1_9' title='bbox 908 441 926 480; x_wconf 75' lang='grc' dir='ltr'><strong>α</strong></span> <span class='ocrx_word' id='word_1_10' title='bbox 942 418 1070 483; x_wconf 81' lang='lat' dir='ltr'>Audirit</span> <span class='ocrx_word' id='word_1_11' title='bbox 1085 438 1200 485; x_wconf 88' lang='lat' dir='ltr'>arcana</span> 
     </span>
    </p>

    <p class='ocr_par' dir='ltr' id='par_1_3' title="bbox 63 529 1203 1806">
     <span class='ocr_line' id='line_1_3' title="bbox 68 529 1200 614; baseline 0.004 -24"><span class='ocrx_word' id='word_1_12' title='bbox 68 552 85 590; x_wconf 75' lang='lat' dir='ltr'>s</span> <span class='ocrx_word' id='word_1_13' title='bbox 106 529 210 607; x_wconf 76' lang='lat' dir='ltr'>verba,</span> <span class='ocrx_word' id='word_1_14' title='bbox 226 550 304 611; x_wconf 90' lang='lat' dir='ltr'>quae</span> <span class='ocrx_word' id='word_1_15' title='bbox 319 551 382 593; x_wconf 91' lang='lat' dir='ltr'>non</span> <span class='ocrx_word' id='word_1_16' title='bbox 398 531 472 594; x_wconf 87' lang='lat' dir='ltr'>licet</span> <span class='ocrx_word' id='word_1_17' title='bbox 487 530 607 593; x_wconf 90' lang='lat' dir='ltr'>homini</span> <span class='ocrx_word' id='word_1_18' title='bbox 618 531 711 613; x_wconf 90' lang='lat' dir='ltr'>loqui.</span> <span class='ocrx_word' id='word_1_19' title='bbox 728 532 806 605; x_wconf 89' lang='lat' dir='ltr'>Quia</span> <span class='ocrx_word' id='word_1_20' title='bbox 822 531 958 595; x_wconf 79' lang='lat' dir='ltr'>revelata</span> <span class='ocrx_word' id='word_1_21' title='bbox 972 530 1051 593; x_wconf 78' lang='lat' dir='ltr'>facie</span> <span class='ocrx_word' id='word_1_22' title='bbox 1066 532 1200 614; x_wconf 86' lang='lat' dir='ltr'>gloriam</span> 
     </span>
     <span class='ocr_line' id='line_1_4' title="bbox 63 636 1198 721; baseline 0.004 -22"><span class='ocrx_word' id='word_1_23' title='bbox 63 662 81 699; x_wconf 76' lang='lat' dir='ltr'>a</span> <span class='ocrx_word' id='word_1_24' title='bbox 101 639 227 703; x_wconf 85' lang='lat' dir='ltr'>Domini</span> <span class='ocrx_word' id='word_1_25' title='bbox 243 639 450 720; x_wconf 87' lang='lat' dir='ltr'>speculando.</span> <span class='ocrx_word' id='word_1_26' title='bbox 469 685 476 701; x_wconf 91' lang='lat'><em>.</em></span> <span class='ocrx_word' id='word_1_27' title='bbox 495 687 502 702; x_wconf 92' lang='lat'><strong>.</strong></span> <span class='ocrx_word' id='word_1_28' title='bbox 519 660 537 698; x_wconf 87' lang='lat'>»</span> <span class='ocrx_word' id='word_1_29' title='bbox 556 636 675 703; x_wconf 84' lang='lat' dir='ltr'><strong>Auctor</strong></span> <span class='ocrx_word' id='word_1_30' title='bbox 691 641 809 703; x_wconf 89' lang='lat' dir='ltr'>indicat</span> <span class='ocrx_word' id='word_1_31' title='bbox 824 659 859 703; x_wconf 89' lang='lat' dir='ltr'>se</span> <span class='ocrx_word' id='word_1_32' title='bbox 873 640 1016 721; x_wconf 84' lang='lat' dir='ltr'>Dionysii</span> <span class='ocrx_word' id='word_1_33' title='bbox 1034 640 1127 704; x_wconf 89' lang='lat' dir='ltr'>libros</span> <span class='ocrx_word' id='word_1_34' title='bbox 1142 660 1198 705; x_wconf 88' lang='lat' dir='ltr'>ax·</span> 
     </span>
     <span class='ocr_line' id='line_1_5' title="bbox 64 748 1199 830; baseline 0.004 -21"><span class='ocrx_word' id='word_1_35' title='bbox 64 748 180 830; x_wconf 85' lang='lat' dir='ltr'>plicare</span> <span class='ocrx_word' id='word_1_36' title='bbox 198 769 216 808; x_wconf 74' lang='lat' dir='ltr'>e</span> <span class='ocrx_word' id='word_1_37' title='bbox 233 749 423 829; x_wconf 75' lang='lat' dir='ltr'><strong>propellente</strong></span> <span class='ocrx_word' id='word_1_38' title='bbox 445 767 495 811; x_wconf 90' lang='lat' dir='ltr'>me</span> <span class='ocrx_word' id='word_1_39' title='bbox 510 750 550 813; x_wconf 87' lang='lat' dir='ltr'>ad</span> <span class='ocrx_word' id='word_1_40' title='bbox 565 750 649 813; x_wconf 87' lang='lat' dir='ltr'>istud</span> <span class='ocrx_word' id='word_1_41' title='bbox 664 751 848 813; x_wconf 80' lang='lat' dir='ltr'>exercitium</span> <span class='ocrx_word' id='word_1_42' title='bbox 865 749 1077 813; x_wconf 87' lang='lat' dir='ltr'>illustrissimo</span> <span class='ocrx_word' id='word_1_43' title='bbox 1099 752 1199 813; x_wconf 89' lang='lat' dir='ltr'>domi-</span> 
     </span>
     <span class='ocr_line' id='line_1_6' title="bbox 63 855 1198 940; baseline 0.004 -24"><span class='ocrx_word' id='word_1_44' title='bbox 63 879 81 916; x_wconf 79' lang='lat'><strong>»</strong></span> <span class='ocrx_word' id='word_1_45' title='bbox 101 876 142 918; x_wconf 93' lang='lat' dir='ltr'>no</span> <span class='ocrx_word' id='word_1_46' title='bbox 158 877 234 931; x_wconf 87' lang='lat' dir='ltr'>meo,</span> <span class='ocrx_word' id='word_1_47' title='bbox 251 858 377 918; x_wconf 88' lang='lat' dir='ltr'>domino</span> <span class='ocrx_word' id='word_1_48' title='bbox 393 855 538 933; x_wconf 65' lang='lat' dir='ltr'>Bobenia·</span> <span class='ocrx_word' id='word_1_49' title='bbox 559 858 617 921; x_wconf 93' lang='lat' dir='ltr'>Dei</span> <span class='ocrx_word' id='word_1_50' title='bbox 631 860 745 940; x_wconf 83' lang='lat' dir='ltr'>gratia,</span> <span class='ocrx_word' id='word_1_51' title='bbox 768 877 843 940; x_wconf 85' lang='lat' dir='ltr'>rege</span> <span class='ocrx_word' id='word_1_52' title='bbox 858 858 1055 923; x_wconf 73' lang='lat' dir='ltr'>Hierusalem</span> <span class='ocrx_word' id='word_1_53' title='bbox 1070 866 1103 921; x_wconf 86' lang='lat' dir='ltr'>et</span> <span class='ocrx_word' id='word_1_54' title='bbox 1118 859 1198 923; x_wconf 82' lang='lat' dir='ltr'>Sici-</span> 
     </span>
     <span class='ocr_line' id='line_1_7' title="bbox 65 963 1200 1047; baseline 0.004 -23"><span class='ocrx_word' id='word_1_55' title='bbox 65 987 83 1024; x_wconf 84' lang='grc'><em>»</em></span> <span class='ocrx_word' id='word_1_56' title='bbox 102 966 164 1027; x_wconf 93' lang='lat' dir='ltr'>liae</span> <span class='ocrx_word' id='word_1_57' title='bbox 181 963 265 1046; x_wconf 86' lang='lat' dir='ltr'>[ann.</span> <span class='ocrx_word' id='word_1_58' title='bbox 285 964 499 1047; x_wconf 55' lang='lat' dir='ltr'>laos-loom</span> <span class='ocrx_word' id='word_1_59' title='bbox 516 967 604 1029; x_wconf 89' lang='lat' dir='ltr'>cuius</span> <span class='ocrx_word' id='word_1_60' title='bbox 619 967 848 1029; x_wconf 77' lang='lat' dir='ltr'>serenissimam</span> <span class='ocrx_word' id='word_1_61' title='bbox 863 967 1002 1030; x_wconf 87' lang='lat' dir='ltr'>animam</span> <span class='ocrx_word' id='word_1_62' title='bbox 1019 968 1094 1030; x_wconf 91' lang='lat' dir='ltr'>adeo</span> <span class='ocrx_word' id='word_1_63' title='bbox 1110 986 1200 1031; x_wconf 82' lang='lat' dir='ltr'>rarae</span> 
     </span>
     <span class='ocr_line' id='line_1_8' title="bbox 64 1072 1199 1157; baseline 0.005 -25"><span class='ocrx_word' id='word_1_64' title='bbox 64 1095 81 1132; x_wconf 73' lang='lat' dir='ltr'>e</span> <span class='ocrx_word' id='word_1_65' title='bbox 101 1075 276 1153; x_wconf 85' lang='lat' dir='ltr'>sapientiae</span> <span class='ocrx_word' id='word_1_66' title='bbox 291 1072 468 1135; x_wconf 76' lang='lat' dir='ltr'>sublimitas</span> <span class='ocrx_word' id='word_1_67' title='bbox 484 1074 606 1150; x_wconf 82' lang='lat' dir='ltr'>alluxit,</span> <span class='ocrx_word' id='word_1_68' title='bbox 630 1080 744 1137; x_wconf 87' lang='lat' dir='ltr'>utnon</span> <span class='ocrx_word' id='word_1_69' title='bbox 766 1076 867 1137; x_wconf 86' lang='lat' dir='ltr'>solum</span> <span class='ocrx_word' id='word_1_70' title='bbox 890 1077 1034 1157; x_wconf 85' lang='lat' dir='ltr'>princeps</span> <span class='ocrx_word' id='word_1_71' title='bbox 1051 1076 1199 1157; x_wconf 83' lang='lat' dir='ltr'>inclytus,</span> 
     </span>
     <span class='ocr_line' id='line_1_9' title="bbox 63 1180 1200 1265; baseline 0.004 -25"><span class='ocrx_word' id='word_1_72' title='bbox 63 1201 82 1240; x_wconf 69' lang='lat' dir='ltr'>a</span> <span class='ocrx_word' id='word_1_73' title='bbox 103 1182 159 1243; x_wconf 88' lang='lat' dir='ltr'>sed</span> <span class='ocrx_word' id='word_1_74' title='bbox 174 1187 206 1242; x_wconf 90' lang='lat' dir='ltr'>et</span> <span class='ocrx_word' id='word_1_75' title='bbox 221 1201 312 1243; x_wconf 85' lang='lat' dir='ltr'>verus</span> <span class='ocrx_word' id='word_1_76' title='bbox 328 1180 530 1263; x_wconf 87' lang='lat' dir='ltr'>philosophus</span> <span class='ocrx_word' id='word_1_77' title='bbox 546 1202 609 1245; x_wconf 94' lang='lat' dir='ltr'>non</span> <span class='ocrx_word' id='word_1_78' title='bbox 626 1185 782 1246; x_wconf 86' lang='lat' dir='ltr'>immerito</span> <span class='ocrx_word' id='word_1_79' title='bbox 797 1184 858 1246; x_wconf 91' lang='lat' dir='ltr'>dici</span> <span class='ocrx_word' id='word_1_80' title='bbox 875 1185 974 1265; x_wconf 82' lang='lat' dir='ltr'>possit</span> <span class='ocrx_word' id='word_1_81' title='bbox 990 1230 997 1245; x_wconf 93' lang='lat'>.</span> <span class='ocrx_word' id='word_1_82' title='bbox 1011 1229 1040 1245; x_wconf 87' lang='lat'>..</span> <span class='ocrx_word' id='word_1_83' title='bbox 1058 1204 1078 1241; x_wconf 73' lang='lat' dir='ltr'>a</span> <span class='ocrx_word' id='word_1_84' title='bbox 1096 1184 1200 1264; x_wconf 87' lang='lat' dir='ltr'>Igitur</span> 
     </span>
     <span class='ocr_line' id='line_1_10' title="bbox 64 1288 1203 1372; baseline 0 -21"><span class='ocrx_word' id='word_1_85' title='bbox 64 1308 84 1351; x_wconf 91' lang='lat' dir='ltr'>a</span> <span class='ocrx_word' id='word_1_86' title='bbox 101 1308 174 1352; x_wconf 83' lang='lat' dir='ltr'>vero</span> <span class='ocrx_word' id='word_1_87' title='bbox 191 1292 319 1352; x_wconf 89' lang='lat' dir='ltr'>minime</span> <span class='ocrx_word' id='word_1_88' title='bbox 342 1288 486 1353; x_wconf 88' lang='lat' dir='ltr'>abhorret</span> <span class='ocrx_word' id='word_1_89' title='bbox 502 1291 603 1371; x_wconf 90' lang='lat' dir='ltr'>operis</span> <span class='ocrx_word' id='word_1_90' title='bbox 623 1311 691 1354; x_wconf 89' lang='lat' dir='ltr'>esse</span> <span class='ocrx_word' id='word_1_91' title='bbox 713 1298 870 1355; x_wconf 76' lang='lat' dir='ltr'>auctorem</span> <span class='ocrx_word' id='word_1_92' title='bbox 894 1291 1096 1354; x_wconf 86' lang='lat' dir='ltr'>Franciscum</span> <span class='ocrx_word' id='word_1_93' title='bbox 1112 1289 1203 1372; x_wconf 83' lang='lat' dir='ltr'>May-</span> 
     </span>
     <span class='ocr_line' id='line_1_11' title="bbox 64 1398 1196 1481; baseline 0.002 -23"><span class='ocrx_word' id='word_1_94' title='bbox 64 1417 174 1460; x_wconf 88' lang='lat' dir='ltr'>ronem</span> <span class='ocrx_word' id='word_1_95' title='bbox 197 1400 312 1461; x_wconf 87' lang='lat' dir='ltr'>ordinis</span> <span class='ocrx_word' id='word_1_96' title='bbox 328 1398 483 1460; x_wconf 76' lang='lat' dir='ltr'>Mincium</span> <span class='ocrx_word' id='word_1_97' title='bbox 505 1419 529 1461; x_wconf 87' lang='lat' dir='ltr'>s.</span> <span class='ocrx_word' id='word_1_98' title='bbox 550 1398 720 1475; x_wconf 85' lang='lat' dir='ltr'>Francisci,</span> <span class='ocrx_word' id='word_1_99' title='bbox 742 1420 835 1481; x_wconf 87' lang='lat' dir='ltr'>quem</span> <span class='ocrx_word' id='word_1_100' title='bbox 859 1402 1036 1480; x_wconf 84' lang='lat' dir='ltr'>suppositos</span> <span class='ocrx_word' id='word_1_101' title='bbox 1050 1399 1196 1480; x_wconf 84' lang='lat' dir='ltr'>Dionysii</span> 
     </span>
     <span class='ocr_line' id='line_1_12' title="bbox 64 1506 1198 1591; baseline 0.001 -24"><span class='ocrx_word' id='word_1_102' title='bbox 64 1506 160 1569; x_wconf 87' lang='lat' dir='ltr'>libros</span> <span class='ocrx_word' id='word_1_103' title='bbox 176 1508 213 1568; x_wconf 91' lang='lat' dir='ltr'>de</span> <span class='ocrx_word' id='word_1_104' title='bbox 229 1509 363 1588; x_wconf 77' lang='lat' dir='ltr'>mystica</span> <span class='ocrx_word' id='word_1_105' title='bbox 379 1507 546 1588; x_wconf 86' lang='lat' dir='ltr'>theologia,</span> <span class='ocrx_word' id='word_1_106' title='bbox 570 1506 704 1570; x_wconf 84' lang='lat' dir='ltr'>Boberto</span> <span class='ocrx_word' id='word_1_107' title='bbox 720 1528 794 1591; x_wconf 88' lang='lat' dir='ltr'>rege</span> <span class='ocrx_word' id='word_1_108' title='bbox 809 1514 950 1590; x_wconf 83' lang='lat' dir='ltr'>rogante,</span> <span class='ocrx_word' id='word_1_109' title='bbox 973 1509 1198 1570; x_wconf 87' lang='lat' dir='ltr'>commentario</span> 
     </span>
     <span class='ocr_line' id='line_1_13' title="bbox 65 1616 1203 1698; baseline 0 -23"><span class='ocrx_word' id='word_1_110' title='bbox 65 1617 240 1679; x_wconf 85' lang='lat' dir='ltr'>illustrasse</span> <span class='ocrx_word' id='word_1_111' title='bbox 256 1617 455 1698; x_wconf 85' lang='lat' dir='ltr'>Waddingus</span> <span class='ocrx_word' id='word_1_112' title='bbox 471 1619 569 1681; x_wconf 87' lang='lat' dir='ltr'>tradit</span> <span class='ocrx_word' id='word_1_113' title='bbox 591 1618 673 1697; x_wconf 90' lang='lat' dir='ltr'>apud</span> <span class='ocrx_word' id='word_1_114' title='bbox 692 1616 891 1681; x_wconf 81' lang='lat' dir='ltr'>Fabricium:</span> <span class='ocrx_word' id='word_1_115' title='bbox 908 1617 990 1682; x_wconf 75' lang='lat' dir='ltr'>Bor.</span> <span class='ocrx_word' id='word_1_116' title='bbox 1007 1618 1062 1682; x_wconf 85' lang='lat' dir='ltr'>lat.</span> <span class='ocrx_word' id='word_1_117' title='bbox 1078 1618 1154 1681; x_wconf 64' lang='lat' dir='ltr'>md.</span> <span class='ocrx_word' id='word_1_118' title='bbox 1170 1624 1203 1677; x_wconf 89' lang='lat' dir='ltr'>et</span> 
     </span>
     <span class='ocr_line' id='line_1_14' title="bbox 63 1726 444 1806; baseline 0 -18"><span class='ocrx_word' id='word_1_119' title='bbox 63 1728 127 1804; x_wconf 74' lang='lat' dir='ltr'>ins.</span> <span class='ocrx_word' id='word_1_120' title='bbox 144 1732 250 1800; x_wconf 77' lang='lat' dir='ltr'>cetat,</span> <span class='ocrx_word' id='word_1_121' title='bbox 268 1726 306 1802; x_wconf 89' lang='grc' dir='ltr'>ΙΙ,</span> <span class='ocrx_word' id='word_1_122' title='bbox 319 1745 353 1806; x_wconf 89' lang='lat' dir='ltr'>·p.</span> <span class='ocrx_word' id='word_1_123' title='bbox 373 1727 444 1788; x_wconf 89' lang='grc'><strong>196.</strong></span> 
     </span>
    </p>

    <p class='ocr_par' dir='ltr' id='par_1_4' title="bbox 56 1831 1204 3549">
     <span class='ocr_line' id='line_1_15' title="bbox 156 1831 1202 1916; baseline -0.001 -19"><span class='ocrx_word' id='word_1_124' title='bbox 156 1835 315 1911; x_wconf 77' lang='lat' dir='ltr'>Subduc,</span> <span class='ocrx_word' id='word_1_125' title='bbox 339 1834 465 1898; x_wconf 83' lang='lat' dir='ltr'>Roberti</span> <span class='ocrx_word' id='word_1_126' title='bbox 480 1834 703 1911; x_wconf 86' lang='lat' dir='ltr'>Linconieusis,</span> <span class='ocrx_word' id='word_1_127' title='bbox 720 1836 855 1916; x_wconf 88' lang='lat' dir='ltr'>episcopi</span> <span class='ocrx_word' id='word_1_128' title='bbox 879 1834 1091 1897; x_wconf 86' lang='lat' dir='ltr'>lincolniensis</span> <span class='ocrx_word' id='word_1_129' title='bbox 1116 1831 1202 1915; x_wconf 91' lang='lat' dir='ltr'>[aun.</span> 
     </span>
     <span class='ocr_line' id='line_1_16' title="bbox 68 1938 1204 2026; baseline -0.001 -20"><span class='ocrx_word' id='word_1_130' title='bbox 68 1943 272 2026; x_wconf 77' lang='lat'>1235-1243]</span> <span class='ocrx_word' id='word_1_131' title='bbox 291 1943 368 2005; x_wconf 91' lang='lat' dir='ltr'>haec</span> <span class='ocrx_word' id='word_1_132' title='bbox 383 1945 504 2026; x_wconf 86' lang='lat' dir='ltr'>prolatu</span> <span class='ocrx_word' id='word_1_133' title='bbox 519 1951 607 2005; x_wconf 89' lang='lat' dir='ltr'>sunt:</span> <span class='ocrx_word' id='word_1_134' title='bbox 627 1966 645 2003; x_wconf 70' lang='lat' dir='ltr'>a</span> <span class='ocrx_word' id='word_1_135' title='bbox 661 1944 742 2005; x_wconf 85' lang='lat' dir='ltr'>Nota</span> <span class='ocrx_word' id='word_1_136' title='bbox 758 1945 839 2023; x_wconf 93' lang='lat' dir='ltr'>quod</span> <span class='ocrx_word' id='word_1_137' title='bbox 854 1945 914 2005; x_wconf 91' lang='lat' dir='ltr'>duo</span> <span class='ocrx_word' id='word_1_138' title='bbox 930 1942 1000 2005; x_wconf 89' lang='lat' dir='ltr'>libri</span> <span class='ocrx_word' id='word_1_139' title='bbox 1012 1944 1048 2007; x_wconf 83' lang='lat' dir='ltr'>de</span> <span class='ocrx_word' id='word_1_140' title='bbox 1063 1938 1204 2023; x_wconf 61' lang='lat' dir='ltr'>angelica</span> 
     </span>
     <span class='ocr_line' id='line_1_17' title="bbox 64 2052 1204 2128; baseline 0.002 -16"><span class='ocrx_word' id='word_1_141' title='bbox 64 2076 82 2112; x_wconf 75' lang='lat' dir='ltr'>r&gt;</span> <span class='ocrx_word' id='word_1_142' title='bbox 101 2054 272 2128; x_wconf 73' lang='lat' dir='ltr'>ierarchia,</span> <span class='ocrx_word' id='word_1_143' title='bbox 288 2055 324 2117; x_wconf 78' lang='lat' dir='ltr'>de</span> <span class='ocrx_word' id='word_1_144' title='bbox 339 2055 545 2118; x_wconf 80' lang='lat' dir='ltr'>ecelesiastica</span> <span class='ocrx_word' id='word_1_145' title='bbox 560 2053 731 2128; x_wconf 76' lang='lat' dir='ltr'>tereretis,</span> <span class='ocrx_word' id='word_1_146' title='bbox 748 2052 917 2115; x_wconf 74' lang='lat' dir='ltr'>dedititiis</span> <span class='ocrx_word' id='word_1_147' title='bbox 931 2052 1104 2115; x_wconf 75' lang='lat' dir='ltr'>nominibus</span> <span class='ocrx_word' id='word_1_148' title='bbox 1119 2056 1152 2113; x_wconf 90' lang='lat' dir='ltr'>et</span> <span class='ocrx_word' id='word_1_149' title='bbox 1167 2052 1204 2114; x_wconf 81' lang='lat' dir='ltr'>de</span> 
     </span>
     <span class='ocr_line' id='line_1_18' title="bbox 66 2158 1201 2242; baseline 0 -21"><span class='ocrx_word' id='word_1_150' title='bbox 66 2183 85 2221; x_wconf 84' lang='lat'><strong>»</strong></span> <span class='ocrx_word' id='word_1_151' title='bbox 104 2162 239 2240; x_wconf 71' lang='lat' dir='ltr'>inpolito</span> <span class='ocrx_word' id='word_1_152' title='bbox 255 2163 416 2242; x_wconf 66' lang='lat' dir='ltr'>theologie,</span> <span class='ocrx_word' id='word_1_153' title='bbox 434 2180 497 2223; x_wconf 92' lang='lat' dir='ltr'>non</span> <span class='ocrx_word' id='word_1_154' title='bbox 512 2160 571 2224; x_wconf 93' lang='lat' dir='ltr'>hoc</span> <span class='ocrx_word' id='word_1_155' title='bbox 587 2162 693 2223; x_wconf 88' lang='lat' dir='ltr'>ordine</span> <span class='ocrx_word' id='word_1_156' title='bbox 708 2162 870 2241; x_wconf 85' lang='lat' dir='ltr'>compositi</span> <span class='ocrx_word' id='word_1_157' title='bbox 887 2166 961 2223; x_wconf 90' lang='lat' dir='ltr'>eunt</span> <span class='ocrx_word' id='word_1_158' title='bbox 976 2179 995 2222; x_wconf 90' lang='lat' dir='ltr'>a</span> <span class='ocrx_word' id='word_1_159' title='bbox 1010 2158 1102 2222; x_wconf 90' lang='lat' dir='ltr'>heato</span> <span class='ocrx_word' id='word_1_160' title='bbox 1116 2158 1201 2241; x_wconf 75' lang='lat' dir='ltr'>Dyn-</span> 
     </span>
     <span class='ocr_line' id='line_1_19' title="bbox 66 2268 1199 2350; baseline 0 -23"><span class='ocrx_word' id='word_1_161' title='bbox 66 2292 83 2327; x_wconf 77' lang='lat' dir='ltr'>s</span> <span class='ocrx_word' id='word_1_162' title='bbox 104 2271 194 2345; x_wconf 89' lang='lat' dir='ltr'>nisio,</span> <span class='ocrx_word' id='word_1_163' title='bbox 211 2289 272 2350; x_wconf 90' lang='lat' dir='ltr'>quo</span> <span class='ocrx_word' id='word_1_164' title='bbox 292 2272 399 2332; x_wconf 86' lang='lat' dir='ltr'>ordine</span> <span class='ocrx_word' id='word_1_165' title='bbox 422 2271 515 2350; x_wconf 89' lang='lat' dir='ltr'>positi</span> <span class='ocrx_word' id='word_1_166' title='bbox 538 2274 613 2331; x_wconf 87' lang='lat' dir='ltr'>sunt</span> <span class='ocrx_word' id='word_1_167' title='bbox 637 2270 668 2330; x_wconf 90' lang='lat' dir='ltr'>in</span> <span class='ocrx_word' id='word_1_168' title='bbox 692 2268 752 2331; x_wconf 92' lang='lat' dir='ltr'>hac</span> <span class='ocrx_word' id='word_1_169' title='bbox 775 2268 1022 2349; x_wconf 82' lang='lat' dir='ltr'>congregatione</span> <span class='ocrx_word' id='word_1_170' title='bbox 1043 2285 1149 2330; x_wconf 87' lang='lat' dir='ltr'>eorum</span> <span class='ocrx_word' id='word_1_171' title='bbox 1166 2268 1199 2328; x_wconf 92' lang='lat' dir='ltr'>iu</span> 
     </span>
     <span class='ocr_line' id='line_1_20' title="bbox 66 2374 1199 2459; baseline 0.001 -22"><span class='ocrx_word' id='word_1_172' title='bbox 66 2398 85 2436; x_wconf 73' lang='lat' dir='ltr'>a</span> <span class='ocrx_word' id='word_1_173' title='bbox 104 2377 164 2440; x_wconf 86' lang='lat' dir='ltr'>lroc</span> <span class='ocrx_word' id='word_1_174' title='bbox 180 2398 278 2440; x_wconf 90' lang='lat' dir='ltr'>unum</span> <span class='ocrx_word' id='word_1_175' title='bbox 295 2379 449 2453; x_wconf 86' lang='lat' dir='ltr'>volumen,</span> <span class='ocrx_word' id='word_1_176' title='bbox 466 2379 640 2459; x_wconf 86' lang='lat' dir='ltr'>composuit</span> <span class='ocrx_word' id='word_1_177' title='bbox 654 2379 738 2439; x_wconf 90' lang='lat' dir='ltr'>enim</span> <span class='ocrx_word' id='word_1_178' title='bbox 754 2377 869 2440; x_wconf 86' lang='lat' dir='ltr'>librum</span> <span class='ocrx_word' id='word_1_179' title='bbox 885 2378 923 2439; x_wconf 89' lang='lat' dir='ltr'>de</span> <span class='ocrx_word' id='word_1_180' title='bbox 937 2376 1099 2439; x_wconf 88' lang='lat' dir='ltr'>simbolica</span> <span class='ocrx_word' id='word_1_181' title='bbox 1110 2374 1199 2438; x_wconf 87' lang='lat' dir='ltr'>theo-</span> 
     </span>
     <span class='ocr_line' id='line_1_21' title="bbox 66 2484 1201 2567; baseline -0.004 -19"><span class='ocrx_word' id='word_1_182' title='bbox 66 2508 85 2547; x_wconf 69' lang='lat' dir='ltr'>s</span> <span class='ocrx_word' id='word_1_183' title='bbox 103 2486 190 2567; x_wconf 86' lang='lat' dir='ltr'>logia</span> <span class='ocrx_word' id='word_1_184' title='bbox 204 2491 279 2548; x_wconf 87' lang='lat' dir='ltr'>unte</span> <span class='ocrx_word' id='word_1_185' title='bbox 300 2486 416 2549; x_wconf 88' lang='lat' dir='ltr'>librum</span> <span class='ocrx_word' id='word_1_186' title='bbox 431 2488 469 2548; x_wconf 90' lang='lat' dir='ltr'>do</span> <span class='ocrx_word' id='word_1_187' title='bbox 484 2485 630 2567; x_wconf 86' lang='lat' dir='ltr'>angelica</span> <span class='ocrx_word' id='word_1_188' title='bbox 651 2484 811 2561; x_wconf 88' lang='lat' dir='ltr'>ierarchia,</span> <span class='ocrx_word' id='word_1_189' title='bbox 835 2487 917 2548; x_wconf 90' lang='lat' dir='ltr'>sicut</span> <span class='ocrx_word' id='word_1_190' title='bbox 940 2489 1028 2565; x_wconf 86' lang='lat' dir='ltr'>patet</span> <span class='ocrx_word' id='word_1_191' title='bbox 1041 2503 1082 2547; x_wconf 87' lang='lat' dir='ltr'>ex</span> <span class='ocrx_word' id='word_1_192' title='bbox 1096 2484 1201 2546; x_wconf 84' lang='lat' dir='ltr'>verbis</span> 
     </span>
     <span class='ocr_line' id='line_1_22' title="bbox 65 2592 1202 2676; baseline 0.001 -23"><span class='ocrx_word' id='word_1_193' title='bbox 65 2616 84 2653; x_wconf 70' lang='lat' dir='ltr'>a</span> <span class='ocrx_word' id='word_1_194' title='bbox 103 2595 243 2655; x_wconf 84' lang='lat' dir='ltr'>eiusdem</span> <span class='ocrx_word' id='word_1_195' title='bbox 267 2596 298 2655; x_wconf 88' lang='lat' dir='ltr'>in</span> <span class='ocrx_word' id='word_1_196' title='bbox 322 2596 458 2675; x_wconf 86' lang='lat' dir='ltr'>capitulo</span> <span class='ocrx_word' id='word_1_197' title='bbox 473 2596 704 2675; x_wconf 89' lang='lat' dir='ltr'>quintodecimo</span> <span class='ocrx_word' id='word_1_198' title='bbox 725 2595 764 2657; x_wconf 88' lang='lat' dir='ltr'>de</span> <span class='ocrx_word' id='word_1_199' title='bbox 778 2593 922 2676; x_wconf 85' lang='lat' dir='ltr'>angelica</span> <span class='ocrx_word' id='word_1_200' title='bbox 943 2592 1111 2671; x_wconf 80' lang='lat' dir='ltr'>ierarchia3</span> <span class='ocrx_word' id='word_1_201' title='bbox 1127 2597 1202 2654; x_wconf 91' lang='lat' dir='ltr'>ante</span> 
     </span>
     <span class='ocr_line' id='line_1_23' title="bbox 66 2701 1201 2785; baseline 0.001 -24"><span class='ocrx_word' id='word_1_202' title='bbox 66 2724 83 2761; x_wconf 75' lang='lat' dir='ltr'>a</span> <span class='ocrx_word' id='word_1_203' title='bbox 104 2704 220 2766; x_wconf 90' lang='lat' dir='ltr'>librum</span> <span class='ocrx_word' id='word_1_204' title='bbox 236 2723 308 2765; x_wconf 81' lang='lat' dir='ltr'>vero</span> <span class='ocrx_word' id='word_1_205' title='bbox 323 2705 361 2765; x_wconf 88' lang='lat' dir='ltr'>de</span> <span class='ocrx_word' id='word_1_206' title='bbox 383 2704 545 2766; x_wconf 88' lang='lat' dir='ltr'>simbolica</span> <span class='ocrx_word' id='word_1_207' title='bbox 567 2703 727 2785; x_wconf 89' lang='lat' dir='ltr'>theologia</span> <span class='ocrx_word' id='word_1_208' title='bbox 741 2705 916 2784; x_wconf 88' lang='lat' dir='ltr'>composuit</span> <span class='ocrx_word' id='word_1_209' title='bbox 932 2702 1046 2765; x_wconf 90' lang='lat' dir='ltr'>librum</span> <span class='ocrx_word' id='word_1_210' title='bbox 1067 2702 1107 2764; x_wconf 91' lang='lat' dir='ltr'>de</span> <span class='ocrx_word' id='word_1_211' title='bbox 1121 2701 1201 2763; x_wconf 83' lang='lat' dir='ltr'>divi-</span> 
     </span>
     <span class='ocr_line' id='line_1_24' title="bbox 65 2810 1200 2892; baseline 0.001 -23"><span class='ocrx_word' id='word_1_212' title='bbox 65 2832 83 2869; x_wconf 78' lang='lat'><strong>»</strong></span> <span class='ocrx_word' id='word_1_213' title='bbox 103 2814 154 2873; x_wconf 89' lang='lat' dir='ltr'>nis</span> <span class='ocrx_word' id='word_1_214' title='bbox 169 2811 359 2887; x_wconf 85' lang='lat' dir='ltr'>nominibus,</span> <span class='ocrx_word' id='word_1_215' title='bbox 384 2818 419 2874; x_wconf 92' lang='lat' dir='ltr'>ut</span> <span class='ocrx_word' id='word_1_216' title='bbox 434 2813 532 2892; x_wconf 87' lang='lat' dir='ltr'>liquot</span> <span class='ocrx_word' id='word_1_217' title='bbox 546 2831 586 2874; x_wconf 91' lang='lat' dir='ltr'>ex</span> <span class='ocrx_word' id='word_1_218' title='bbox 602 2811 703 2875; x_wconf 81' lang='lat' dir='ltr'>verbis</span> <span class='ocrx_word' id='word_1_219' title='bbox 718 2813 784 2873; x_wconf 90' lang='lat' dir='ltr'>eius</span> <span class='ocrx_word' id='word_1_220' title='bbox 808 2813 841 2873; x_wconf 94' lang='lat' dir='ltr'>in</span> <span class='ocrx_word' id='word_1_221' title='bbox 857 2812 919 2873; x_wconf 86' lang='lat' dir='ltr'>fluo</span> <span class='ocrx_word' id='word_1_222' title='bbox 942 2811 1046 2873; x_wconf 90' lang='lat' dir='ltr'>ultimi</span> <span class='ocrx_word' id='word_1_223' title='bbox 1069 2810 1200 2891; x_wconf 88' lang='lat' dir='ltr'>capituli</span> 
     </span>
     <span class='ocr_line' id='line_1_25' title="bbox 56 2908 1201 3002; baseline 0 -23"><span class='ocrx_word' id='word_1_224' title='bbox 56 2908 84 2979; x_wconf 76' lang='lat' dir='ltr'>&#39;a</span> <span class='ocrx_word' id='word_1_225' title='bbox 103 2921 143 2982; x_wconf 92' lang='lat' dir='ltr'>de</span> <span class='ocrx_word' id='word_1_226' title='bbox 157 2921 271 2982; x_wconf 84' lang='lat' dir='ltr'>divinis</span> <span class='ocrx_word' id='word_1_227' title='bbox 288 2920 486 2999; x_wconf 89' lang='lat' dir='ltr'>nominibus;</span> <span class='ocrx_word' id='word_1_228' title='bbox 510 2940 550 2983; x_wconf 92' lang='lat' dir='ltr'>ex</span> <span class='ocrx_word' id='word_1_229' title='bbox 564 2938 626 3002; x_wconf 91' lang='lat' dir='ltr'>quo</span> <span class='ocrx_word' id='word_1_230' title='bbox 642 2920 794 3001; x_wconf 91' lang='lat' dir='ltr'>liquidum</span> <span class='ocrx_word' id='word_1_231' title='bbox 809 2926 858 2983; x_wconf 89' lang='lat' dir='ltr'>est</span> <span class='ocrx_word' id='word_1_232' title='bbox 873 2921 956 2999; x_wconf 91' lang='lat' dir='ltr'>quod</span> <span class='ocrx_word' id='word_1_233' title='bbox 969 2918 1085 2983; x_wconf 92' lang='lat' dir='ltr'>librum</span> <span class='ocrx_word' id='word_1_234' title='bbox 1100 2920 1138 2980; x_wconf 89' lang='lat' dir='ltr'>de</span> <span class='ocrx_word' id='word_1_235' title='bbox 1152 2920 1201 2980; x_wconf 92' lang='lat' dir='ltr'>di-</span> 
     </span>
     <span class='ocr_line' id='line_1_26' title="bbox 65 3026 1201 3110; baseline -0.001 -21"><span class='ocrx_word' id='word_1_236' title='bbox 65 3052 85 3089; x_wconf 82' lang='lat'><strong>»</strong></span> <span class='ocrx_word' id='word_1_237' title='bbox 105 3031 189 3091; x_wconf 85' lang='lat' dir='ltr'>vinis</span> <span class='ocrx_word' id='word_1_238' title='bbox 204 3029 392 3103; x_wconf 86' lang='lat' dir='ltr'>nominibus,</span> <span class='ocrx_word' id='word_1_239' title='bbox 415 3035 488 3090; x_wconf 82' lang='lat' dir='ltr'>ante</span> <span class='ocrx_word' id='word_1_240' title='bbox 504 3048 595 3110; x_wconf 89' lang='lat' dir='ltr'>quem</span> <span class='ocrx_word' id='word_1_241' title='bbox 610 3031 752 3110; x_wconf 81' lang='lat' dir='ltr'>proxime</span> <span class='ocrx_word' id='word_1_242' title='bbox 772 3029 847 3092; x_wconf 83' lang='lat' dir='ltr'>iecit</span> <span class='ocrx_word' id='word_1_243' title='bbox 862 3029 976 3092; x_wconf 90' lang='lat' dir='ltr'>librum</span> <span class='ocrx_word' id='word_1_244' title='bbox 992 3030 1031 3091; x_wconf 89' lang='lat' dir='ltr'>do</span> <span class='ocrx_word' id='word_1_245' title='bbox 1045 3026 1201 3107; x_wconf 89' lang='lat' dir='ltr'>theologi-</span> 
     </span>
     <span class='ocr_line' id='line_1_27' title="bbox 65 3136 1203 3218; baseline 0.001 -21"><span class='ocrx_word' id='word_1_246' title='bbox 65 3160 84 3197; x_wconf 80' lang='lat'><strong>»</strong></span> <span class='ocrx_word' id='word_1_247' title='bbox 103 3139 150 3201; x_wconf 88' lang='lat' dir='ltr'>cis</span> <span class='ocrx_word' id='word_1_248' title='bbox 166 3136 477 3218; x_wconf 83' lang='lat' dir='ltr'>subfigurationibus‚</span> <span class='ocrx_word' id='word_1_249' title='bbox 493 3140 666 3218; x_wconf 86' lang='lat' dir='ltr'>composuit</span> <span class='ocrx_word' id='word_1_250' title='bbox 681 3142 755 3201; x_wconf 89' lang='lat' dir='ltr'>anto</span> <span class='ocrx_word' id='word_1_251' title='bbox 770 3137 885 3201; x_wconf 87' lang='lat' dir='ltr'>librum</span> <span class='ocrx_word' id='word_1_252' title='bbox 896 3138 935 3199; x_wconf 88' lang='lat' dir='ltr'>de</span> <span class='ocrx_word' id='word_1_253' title='bbox 948 3136 1092 3218; x_wconf 89' lang='lat' dir='ltr'>angelica</span> <span class='ocrx_word' id='word_1_254' title='bbox 1107 3137 1203 3198; x_wconf 61' lang='lat' dir='ltr'>ieram</span> 
     </span>
     <span class='ocr_line' id='line_1_28' title="bbox 66 3244 1201 3328; baseline 0.002 -23"><span class='ocrx_word' id='word_1_255' title='bbox 66 3268 85 3305; x_wconf 75' lang='lat' dir='ltr'>a</span> <span class='ocrx_word' id='word_1_256' title='bbox 103 3246 185 3309; x_wconf 89' lang='lat' dir='ltr'>chia.</span> <span class='ocrx_word' id='word_1_257' title='bbox 204 3247 346 3308; x_wconf 88' lang='lat' dir='ltr'>Ordinati</span> <span class='ocrx_word' id='word_1_258' title='bbox 362 3251 437 3308; x_wconf 87' lang='lat' dir='ltr'>sont</span> <span class='ocrx_word' id='word_1_259' title='bbox 453 3247 552 3327; x_wconf 86' lang='lat' dir='ltr'>igitur</span> <span class='ocrx_word' id='word_1_260' title='bbox 574 3248 651 3309; x_wconf 91' lang='lat' dir='ltr'>dicti</span> <span class='ocrx_word' id='word_1_261' title='bbox 667 3253 800 3328; x_wconf 91' lang='lat' dir='ltr'>quatuor</span> <span class='ocrx_word' id='word_1_262' title='bbox 823 3247 893 3309; x_wconf 89' lang='lat' dir='ltr'>libri</span> <span class='ocrx_word' id='word_1_263' title='bbox 910 3248 943 3308; x_wconf 92' lang='lat' dir='ltr'>in</span> <span class='ocrx_word' id='word_1_264' title='bbox 957 3245 1018 3308; x_wconf 90' lang='lat' dir='ltr'>hoc</span> <span class='ocrx_word' id='word_1_265' title='bbox 1032 3244 1201 3318; x_wconf 79' lang='lat' dir='ltr'>volumino,</span> 
     </span>
     <span class='ocr_line' id='line_1_29' title="bbox 66 3338 1203 3437; baseline 0 -24"><span class='ocrx_word' id='word_1_266' title='bbox 66 3378 84 3413; x_wconf 69' lang='lat' dir='ltr'>a</span> <span class='ocrx_word' id='word_1_267' title='bbox 103 3356 277 3418; x_wconf 87' lang='lat' dir='ltr'>secundum</span> <span class='ocrx_word' id='word_1_268' title='bbox 293 3338 444 3418; x_wconf 87' lang='lat' dir='ltr'>rationem</span> <span class='ocrx_word' id='word_1_269' title='bbox 461 3357 560 3419; x_wconf 82' lang='lat' dir='ltr'>visam</span> <span class='ocrx_word' id='word_1_270' title='bbox 571 3357 808 3437; x_wconf 85' lang='lat' dir='ltr'>congregantis,</span> <span class='ocrx_word' id='word_1_271' title='bbox 819 3359 876 3417; x_wconf 89' lang='lat' dir='ltr'>aut</span> <span class='ocrx_word' id='word_1_272' title='bbox 891 3356 998 3416; x_wconf 88' lang='lat' dir='ltr'>ordino</span> <span class='ocrx_word' id='word_1_273' title='bbox 1009 3371 1069 3433; x_wconf 93' lang='lat' dir='ltr'>quo</span> <span class='ocrx_word' id='word_1_274' title='bbox 1086 3354 1118 3414; x_wconf 92' lang='lat' dir='ltr'>iu</span> <span class='ocrx_word' id='word_1_275' title='bbox 1135 3370 1203 3414; x_wconf 91' lang='lat' dir='ltr'>ma·</span> 
     </span>
     <span class='ocr_line' id='line_1_30' title="bbox 67 3464 675 3549; baseline 0 -28"><span class='ocrx_word' id='word_1_276' title='bbox 67 3485 85 3521; x_wconf 73' lang='lat' dir='ltr'>s</span> <span class='ocrx_word' id='word_1_277' title='bbox 104 3482 166 3527; x_wconf 90' lang='lat' dir='ltr'>nus</span> <span class='ocrx_word' id='word_1_278' title='bbox 180 3464 405 3545; x_wconf 87' lang='lat' dir='ltr'>congregantis</span> <span class='ocrx_word' id='word_1_279' title='bbox 421 3464 614 3526; x_wconf 79' lang='lat' dir='ltr'>devenerunt</span> <span class='ocrx_word' id='word_1_280' title='bbox 630 3484 675 3549; x_wconf 24' lang='lat' dir='ltr'>a..</span> 
     </span>
    </p>

    <p class='ocr_par' dir='ltr' id='par_1_5' title="bbox 66 3566 1204 4412">
     <span class='ocr_line' id='line_1_31' title="bbox 157 3566 1198 3652; baseline -0.009 -17"><span class='ocrx_word' id='word_1_281' title='bbox 157 3572 261 3635; x_wconf 80' lang='lat' dir='ltr'>Codex</span> <span class='ocrx_word' id='word_1_282' title='bbox 277 3571 420 3633; x_wconf 83' lang='lat' dir='ltr'>loliorum</span> <span class='ocrx_word' id='word_1_283' title='bbox 438 3572 511 3648; x_wconf 83' lang='lat'>145,</span> <span class='ocrx_word' id='word_1_284' title='bbox 527 3572 660 3652; x_wconf 81' lang='lat' dir='ltr'>simplex</span> <span class='ocrx_word' id='word_1_285' title='bbox 671 3572 799 3634; x_wconf 86' lang='lat' dir='ltr'>alteriue</span> <span class='ocrx_word' id='word_1_286' title='bbox 814 3569 999 3649; x_wconf 77' lang='lat' dir='ltr'>antiquioris</span> <span class='ocrx_word' id='word_1_287' title='bbox 1010 3566 1198 3647; x_wconf 86' lang='lat' dir='ltr'>exemplum,</span> 
     </span>
     <span class='ocr_line' id='line_1_32' title="bbox 66 3670 1202 3761; baseline -0.01 -17"><span class='ocrx_word' id='word_1_288' title='bbox 66 3700 141 3744; x_wconf 90' lang='lat' dir='ltr'>cum</span> <span class='ocrx_word' id='word_1_289' title='bbox 157 3680 259 3742; x_wconf 77' lang='lat' dir='ltr'>fronte</span> <span class='ocrx_word' id='word_1_290' title='bbox 274 3681 436 3761; x_wconf 90' lang='lat' dir='ltr'>auropicta</span> <span class='ocrx_word' id='word_1_291' title='bbox 451 3688 484 3742; x_wconf 90' lang='lat' dir='ltr'>et</span> <span class='ocrx_word' id='word_1_292' title='bbox 507 3681 653 3760; x_wconf 87' lang='lat' dir='ltr'>insigniis</span> <span class='ocrx_word' id='word_1_293' title='bbox 676 3675 905 3760; x_wconf 83' lang='lat' dir='ltr'>pontificalibus</span> <span class='ocrx_word' id='word_1_294' title='bbox 920 3675 1028 3737; x_wconf 84' lang='lat' dir='ltr'>Molini</span> <span class='ocrx_word' id='word_1_295' title='bbox 1054 3670 1202 3754; x_wconf 74' lang='lat' dir='ltr'>[Aloysii]</span> 
     </span>
     <span class='ocr_line' id='line_1_33' title="bbox 66 3781 1204 3873; baseline -0.008 -21"><span class='ocrx_word' id='word_1_296' title='bbox 66 3790 204 3873; x_wconf 88' lang='lat' dir='ltr'>episcopi</span> <span class='ocrx_word' id='word_1_297' title='bbox 220 3790 255 3851; x_wconf 89' lang='lat' dir='ltr'>T.</span> <span class='ocrx_word' id='word_1_298' title='bbox 275 3786 442 3869; x_wconf 73' lang='lat' dir='ltr'>[tarvisini]</span> <span class='ocrx_word' id='word_1_299' title='bbox 460 3790 513 3868; x_wconf 90' lang='lat' dir='ltr'>qui</span> <span class='ocrx_word' id='word_1_300' title='bbox 529 3788 662 3850; x_wconf 83' lang='lat' dir='ltr'>decessit</span> <span class='ocrx_word' id='word_1_301' title='bbox 677 3786 816 3849; x_wconf 85' lang='lat' dir='ltr'>Venetiis</span> <span class='ocrx_word' id='word_1_302' title='bbox 831 3804 913 3848; x_wconf 91' lang='lat' dir='ltr'>auno</span> <span class='ocrx_word' id='word_1_303' title='bbox 933 3783 1027 3860; x_wconf 75' lang='lat'>1604,</span> <span class='ocrx_word' id='word_1_304' title='bbox 1039 3782 1154 3845; x_wconf 89' lang='lat' dir='ltr'>additis</span> <span class='ocrx_word' id='word_1_305' title='bbox 1169 3781 1204 3843; x_wconf 87' lang='lat' dir='ltr'>iu</span> 
     </span>
     <span class='ocr_line' id='line_1_34' title="bbox 68 3890 1203 3979; baseline -0.005 -20"><span class='ocrx_word' id='word_1_306' title='bbox 68 3899 213 3979; x_wconf 81' lang='lat' dir='ltr'>margine</span> <span class='ocrx_word' id='word_1_307' title='bbox 228 3899 380 3978; x_wconf 89' lang='lat' dir='ltr'>superiori</span> <span class='ocrx_word' id='word_1_308' title='bbox 400 3896 523 3959; x_wconf 81' lang='lat' dir='ltr'>vorbis:</span> <span class='ocrx_word' id='word_1_309' title='bbox 546 3897 598 3960; x_wconf 73' lang='lat' dir='ltr'>Ee</span> <span class='ocrx_word' id='word_1_310' title='bbox 611 3896 710 3976; x_wconf 65' lang='lat' dir='ltr'>legato</span> <span class='ocrx_word' id='word_1_311' title='bbox 726 3896 773 3958; x_wconf 81' lang='lat' dir='ltr'>ill.</span> <span class='ocrx_word' id='word_1_312' title='bbox 790 3900 820 3957; x_wconf 83' lang='lat' dir='ltr'>et</span> <span class='ocrx_word' id='word_1_313' title='bbox 841 3911 902 3957; x_wconf 82' lang='lat' dir='ltr'>ren.</span> <span class='ocrx_word' id='word_1_314' title='bbox 926 3894 1015 3973; x_wconf 72' lang='lat' dir='ltr'>episc.</span> <span class='ocrx_word' id='word_1_315' title='bbox 1033 3891 1136 3953; x_wconf 74' lang='lat' dir='ltr'>Molis</span> <span class='ocrx_word' id='word_1_316' title='bbox 1152 3890 1203 3964; x_wconf 69' lang='lat' dir='ltr'>u,</span> 
     </span>
     <span class='ocr_line' id='line_1_35' title="bbox 66 3998 1203 4088; baseline -0.007 -21"><span class='ocrx_word' id='word_1_317' title='bbox 66 4005 164 4069; x_wconf 87' lang='lat' dir='ltr'>habet</span> <span class='ocrx_word' id='word_1_318' title='bbox 178 4006 323 4088; x_wconf 89' lang='lat' dir='ltr'>opercula</span> <span class='ocrx_word' id='word_1_319' title='bbox 338 4007 455 4087; x_wconf 85' lang='lat' dir='ltr'>lignea,</span> <span class='ocrx_word' id='word_1_320' title='bbox 472 4007 554 4067; x_wconf 90' lang='lat' dir='ltr'>corio</span> <span class='ocrx_word' id='word_1_321' title='bbox 571 4003 704 4066; x_wconf 87' lang='lat' dir='ltr'>vitulino</span> <span class='ocrx_word' id='word_1_322' title='bbox 720 4004 869 4084; x_wconf 88' lang='lat' dir='ltr'>impresso</span> <span class='ocrx_word' id='word_1_323' title='bbox 884 4000 1027 4065; x_wconf 86' lang='lat' dir='ltr'>obducta</span> <span class='ocrx_word' id='word_1_324' title='bbox 1043 3999 1102 4061; x_wconf 88' lang='lat' dir='ltr'>His</span> <span class='ocrx_word' id='word_1_325' title='bbox 1117 3998 1203 4061; x_wconf 83' lang='lat' dir='ltr'>intua</span> 
     </span>
     <span class='ocr_line' id='line_1_36' title="bbox 67 4105 1204 4195; baseline -0.01 -18"><span class='ocrx_word' id='word_1_326' title='bbox 67 4115 240 4177; x_wconf 74' lang='lat' dir='ltr'>mlhaerent</span> <span class='ocrx_word' id='word_1_327' title='bbox 253 4114 450 4177; x_wconf 90' lang='lat' dir='ltr'>membranae</span> <span class='ocrx_word' id='word_1_328' title='bbox 464 4115 544 4177; x_wconf 87' lang='lat' dir='ltr'>duae</span> <span class='ocrx_word' id='word_1_329' title='bbox 555 4112 734 4195; x_wconf 87' lang='lat' dir='ltr'>originales,</span> <span class='ocrx_word' id='word_1_330' title='bbox 745 4130 876 4191; x_wconf 89' lang='lat' dir='ltr'>quarum</span> <span class='ocrx_word' id='word_1_331' title='bbox 893 4111 995 4191; x_wconf 90' lang='lat' dir='ltr'>prima</span> <span class='ocrx_word' id='word_1_332' title='bbox 1009 4108 1103 4171; x_wconf 83' lang='lat' dir='ltr'>frater</span> <span class='ocrx_word' id='word_1_333' title='bbox 1115 4105 1204 4168; x_wconf 84' lang='lat' dir='ltr'>Chri·</span> 
     </span>
     <span class='ocr_line' id='line_1_37' title="bbox 67 4217 1202 4304; baseline -0.01 -19"><span class='ocrx_word' id='word_1_334' title='bbox 67 4220 236 4304; x_wconf 84' lang='lat' dir='ltr'>stopborus</span> <span class='ocrx_word' id='word_1_335' title='bbox 251 4223 472 4304; x_wconf 86' lang='lat' dir='ltr'>Martignonus</span> <span class='ocrx_word' id='word_1_336' title='bbox 488 4224 640 4303; x_wconf 82' lang='lat' dir='ltr'>magister</span> <span class='ocrx_word' id='word_1_337' title='bbox 655 4221 811 4302; x_wconf 88' lang='lat' dir='ltr'>generalis</span> <span class='ocrx_word' id='word_1_338' title='bbox 831 4220 949 4283; x_wconf 86' lang='lat' dir='ltr'>ordinis</span> <span class='ocrx_word' id='word_1_339' title='bbox 963 4217 1202 4282; x_wconf 77' lang='lat' dir='ltr'>carmelitarum</span> 
     </span>
     <span class='ocr_line' id='line_1_38' title="bbox 68 4323 1202 4412; baseline -0.009 -19"><span class='ocrx_word' id='word_1_340' title='bbox 68 4331 239 4395; x_wconf 74' lang='lat' dir='ltr'>liebertum</span> <span class='ocrx_word' id='word_1_341' title='bbox 252 4332 409 4412; x_wconf 67' lang='lat' dir='ltr'>Stulquey</span> <span class='ocrx_word' id='word_1_342' title='bbox 426 4332 617 4395; x_wconf 88' lang='lat' dir='ltr'>sacerdotem</span> <span class='ocrx_word' id='word_1_343' title='bbox 632 4330 810 4412; x_wconf 82' lang='lat' dir='ltr'>provinciae</span> <span class='ocrx_word' id='word_1_344' title='bbox 825 4327 969 4409; x_wconf 85' lang='lat' dir='ltr'>anglicae</span> <span class='ocrx_word' id='word_1_345' title='bbox 982 4332 1015 4390; x_wconf 87' lang='lat' dir='ltr'>ot</span> <span class='ocrx_word' id='word_1_346' title='bbox 1029 4323 1202 4407; x_wconf 83' lang='lat' dir='ltr'>professum</span> 
     </span>
    </p>
   </div>
   <div class='ocr_carea' id='block_1_3' title="bbox 0 0 1566 5130">
    <p class='ocr_par' dir='ltr' id='par_1_6' title="bbox 0 0 1566 5130">
     <span class='ocr_line' id='line_1_39' title="bbox 0 0 1566 5130; baseline 0 0"><span class='ocrx_word' id='word_1_347' title='bbox 0 0 1566 5130; x_wconf 95' lang='lat' dir='ltr'> </span> 
     </span>
    </p>
   </div>
  </div>
 </body>
</html>
