3112 5130
1143 313 1191 386 23

161 451 319 527 Profecto
340 476 445 553 quam
471 454 654 552 pretiosam
676 452 829 528 thesauri
855 463 987 552 partem
1013 451 1192 543 bibliothe-

78 592 126 642 eae
140 579 279 644 nostrae
296 569 512 643 Bessarionis
536 595 665 644 munus
681 570 847 660 attulerit,
871 571 901 643 is
925 580 1057 646 asserat
1074 595 1193 645 neces·

76 700 133 761 sest
148 687 210 787 qui
227 688 320 761 sciat
337 710 382 762 ex
406 688 500 762 omni
526 688 752 762 scientiarum
777 710 906 785 genere
922 687 1057 762 codices
1080 689 1193 761 inesse

76 805 220 905 optimos
246 805 325 880 sive
349 815 517 879 remotam
542 829 661 880 eorum
686 805 868 904 originem,
893 805 969 880 sive
985 828 1088 904 opera
1105 828 1193 906 quae
1228 809 1231 813 ’

75 923 243 996 continent
258 945 331 995 non
346 906 461 995 adhoc
477 922 579 1009 edita,
597 921 654 995 vei
670 921 828 997 lectionis
844 923 1041 1021 puritatem,
1058 932 1120 996 aut
1136 945 1193 996 co-

72 1040 150 1138 piam
166 1050 453 1114 ornamentorum
478 1050 621 1140 spectes.
649 1042 687 1114 Si
712 1041 755 1113 de
778 1040 927 1138 graecis,
951 1050 1071 1140 utpote
1095 1062 1194 1139 prae·

69 1154 302 1245 cautioribus,
326 1180 520 1230 sermonem
546 1159 702 1247 institue,
727 1159 867 1232 nomino
884 1157 1023 1232 honoris
1040 1182 1146 1232 causa
1163 1182 1193 1230 a.

67 1273 256 1347 tersionem
281 1276 508 1374 septuaginta
532 1276 761 1376 interpretum
787 1300 831 1349 ex
856 1276 994 1350 saeculo
1019 1299 1108 1350 nono
1135 1274 1193 1374 (l),

65 1389 195 1488 publico
210 1392 490 1466 commendatam
508 1392 690 1493 praeconio
710 1391 781 1490 (2);
802 1393 833 1467 b.
851 1395 1046 1469 versionem
1064 1394 1194 1493 aliquot

63 1506 227 1583 librorum
244 1510 376 1582 veteris
392 1510 592 1583 testamenti
613 1534 658 1584 ex
675 1509 813 1584 saeculo
829 1507 964 1584 decimo
981 1521 1104 1611 quarto
1124 1509 1169 1607 (3)
1186 1537 1193 1600 ;

63 1650 89 1699 5.
102 1626 385 1725 evangeliarium
402 1637 484 1700 ante
501 1626 595 1701 mille
610 1652 720 1701 annos
737 1629 954 1724 exscriptum
974 1626 1041 1725 (4);
1058 1627 1088 1701 d
1105 1626 1195 1725 psal-

62 1746 195 1834 555555,
209 1768 294 1818 curn
307 1744 566 1818 commentariis
582 1743 835 1844 antiquioribus
852 1769 894 1817 ac
910 1744 1066 1841 egregiis
1079 1744 1193 1843 pictu-

61 1862 114 1947 ris,
131 1871 322 1935 exaratum
339 1859 405 1935 sub
427 1861 497 1935 fino
513 1862 643 1937 saeculi
669 1862 794 1936 decimi
814 1860 885 1957 (5>;
911 1885 939 1934 o.
957 1860 1073 1959 plures
1098 1861 1136 1934 in
1153 1862 1193 1934 li-

59 1976 134 2052 bros
152 2002 276 2052 sacros
293 1987 435 2052 catenas
450 1979 509 2077 (6),
522 1977 649 2078 quibus
662 1979 896 2079 supereminet
914 2004 992 2052 rara
1004 2003 1070 2054 nec
1083 1978 1195 2053 adhuc

57 2095 146 2171 edita
162 2096 200 2170 in
219 2096 459 2171 Ecclesiasten
474 2097 531 2193 (7).

121 2409 156 2463 :1ss
177 2408 284 2460 Graeca
302 2408 326 2459 d.
347 2408 438 2460 Marci
456 2408 634 2472 erre'ottaeca,
652 2409 710 2461 eod.
729 2410 751 2460 1.
771 2410 890 2461 Editioui
907 2410 1056 2462 Bibliorum
1074 2424 1201 2462 romanae

55 2498 116 2548 anni
136 2497 207 2549 1586
225 2499 340 2549 inservit
358 2515 373 2543 u
392 2511 467 2549 unus
484 2500 599 2549 venetus
616 2511 650 2549 ex
668 2498 830 2549 bibliotheca
853 2498 1019 2550 Bessarionis
1040 2498 1199 2561 cardinalis,

54 2604 66 2623 ··
82 2590 109 2635 et
128 2588 153 2636 is
170 2599 285 2650 quoque
303 2585 496 2650 grandioribus
513 2587 610 2637 litteris
627 2587 752 2650 scriptus.
773 2607 786 2633 »
812 2586 843 2636 ln
862 2587 998 2651 prooemio
1015 2581 1113 2636 Stroth.
1136 2586 1201 2636 Frr‘-

53 2672 100 2723 der.
119 2674 260 2726 Antonius
278 2674 395 2726 leeiones
413 2675 560 2727 nonnullas
579 2675 676 2727 codieis
696 2676 786 2740 graeei
805 2676 904 2727 veteris
921 2675 1085 2735 testamenti,
1104 2676 1152 2738 qui
1171 2676 1198 2725 in

55 2762 215 2815 bibliotheca
231 2763 258 2815 d.
279 2764 363 2815 Marci
380 2770 543 2827 asservatur,
563 2768 691 2816 recenset.
710 2766 796 2817 Halae
813 2766 963 2827 Saxonum,
985 2763 1061 2826 1775,
1080 2766 1121 2815 4⁰

121 2852 156 2913 (Ξ)
175 2850 257 2903 5555
275 2853 336 2903 acte
353 2852 477 2905 emdr'tor.
497 2855 672 2917 5555555555,
692 2867 715 2905 5.
737 2854 815 2917 1744,
834 2868 860 2919 p.
879 2854 921 2906 98.

118 2940 152 3001 13]
171 2939 241 2993 eod.
260 2939 286 2991 ’1.
306 2939 448 3003 Villoison,
466 2941 543 2993 Nora
559 2945 643 2993 rersr'o
658 2955 754 3006 praeca
768 2943 971 3005 Faeneratorem,
988 2956 1023 2993 ec.
1041 2955 1074 2994 ec
1088 2945 1165 2993 unico
1177 2956 1198 2993 s.

56 3026 142 3079 14555·
159 3028 333 3081 bibliothecae
349 3029 434 3080 codice
452 3031 547 3082 renato.
566 3033 757 3095 Argentorato,
781 3030 862 3094 1784,
880 3031 929 3082 8.⁰.
951 3059 981 3068 -
1001 3031 1106 3093 Daher,
1127 3032 1200 3081 Aru·-

60 3116 245 3169 marmores
272 3120 302 3168 ἐπ
326 3121 605 3183 aeraorrempraecrm
622 3122 764 3171 ruvereto
781 3119 907 3171 51115555·
930 3119 1045 3171 biblioth.
1064 3118 1125 3170 edit.
1145 3121 1200 3169 Ar-

60 3208 197 3269 mutanti,
218 3206 296 3258 1786.
317 3235 349 3246 -
370 3207 548 3259 Pentateucus.
576 3210 659 3261 Verrio
677 3223 746 3261 nora
762 3219 857 3273 praeca
873 3220 908 3259 ec·
924 3207 1009 3260 cortice
1026 3211 1105 3260 urtice
1122 3219 1201 3260 rene-

61 3292 95 3341 tre
109 3294 287 3346 trtlratdecae.
308 3294 461 3359 Erlangae.
481 3296 614 3359 1790-91,
634 3302 697 3348 tom.
717 3297 765 3359 ΙΙΙ,
784 3297 832 3347 50.
853 3296 920 3347 Vide
938 3296 1052 3359 Morelli,
1076 3296 1198 3360 Operrtte,

62 3378 79 3427 ll
102 3396 126 3446 p.
144 3384 279 3435 ’205-210.

120 3476 151 3525 u·
172 3471 242 3524 cod.
265 3474 304 3524 la.

121 3564 153 3621 25².
173 3563 241 3614 Cod
265 3563 305 3614 17.
325 3563 493 3626 Fragmenta
509 3563 594 3614 edidit
611 3564 786 3616 {tlitturetlius
798 3566 825 3614 in
841 3564 936 3615 Graeci
947 3562 1044 3612 reduces
1057 3559 1201 3624 5555115-

65 3660 119 3700 ιιω.
136 3652 235 3702 t'enet.
259 3648 336 3714 1784,
356 3666 382 3715 p.
405 3650 496 3713 14-15,
515 3652 611 3714 28-29,
629 3654 722 3705 41-43.

122 3738 156 3801 [dt
175 3738 263 3790 Codd.
285 3739 380 3800 15-15,
399 3739 492 3801 22-23,
511 3741 555 3802 25,
573 3741 616 3804 28,
637 3742 698 3803 494,
717 3741 778 3803 534,
797 3741 857 3802 536,
877 3741 937 3802 538,
956 3739 1017 3802 545,
1037 3740 1096 3789 546.

121 3829 155 3885 57]
175 3827 244 3880 Cod.
262 3828 306 3878 21.
326 3846 340 3873 «
354 3828 438 3879 Extat
449 3831 541 3879 autem
555 3830 716 3893 primarium
729 3830 886 3895 exemplum
899 3833 1010 3880 catenae
1022 3828 1105 3879 huius
1118 3841 1201 3892 grae-

68 3946 75 3959 1
89 3928 131 3967 eae
142 3919 172 3967 in
185 3916 354 3968 bibliotheca
367 3917 405 3968 111.
419 3917 519 3968 cardin.
534 3918 699 3968 Bessurionis
701 3955 842 3980 ......
863 3919 910 3968 ubi
929 3915 1085 3980 exemplum
1098 3929 1199 3977 meum,

68 4005 159 4055 =unde
177 4004 262 4055 illum
281 4007 311 4055 in
329 4004 446 4056 latinum
464 4020 617 4057 sermonem
635 4005 774 4068 transtuli,
792 4006 988 4070 transcriptum
1007 4004 1059 4055 suit
1076 4003 1201 4056 550515-

74 4096 159 4144 -riam
178 4096 366 4158 Agrippinam
384 4096 499 4146 missum
517 4095 552 4145 ad
570 4094 776 4145 Birekmannios
795 4094 992 4159 typographos,
1011 4095 1059 4157 qui
1080 4092 1200 4145 Suffrido

71 4212 74 4217 -
92 4182 166 4234 Petro
185 4184 261 4234 frisio
278 4182 437 4234 vertendam
457 4182 635 4247 reliquerunt,
653 4181 699 4232 sed
715 4186 801 4232 morte
814 4186 979 4246 praeventus
997 4196 1051 4232 555
1070 4180 1199 4243 attigit.»

68 4272 614 4336 15555555915155555555555555555
631 4271 740 4334 patrum
760 4274 786 4319 r'u
807 4285 826 4323 s.
848 4271 955 4333 lurotu,
975 4271 1117 4335 interprete
1130 4268 1197 4320 oar-

70 4356 516 4425 155550551555.,45555ψί55,
538 4362 613 4425 1525,
635 4364 660 4411 in
682 4361 791 4425 praefat.
