3038 5122
1252 296 1296 367 ll

202 431 267 506 doris
286 438 415 529 partem
434 453 477 503 ac
496 429 649 504 nominis
674 430 813 517 samam,
837 428 881 503 ob
906 428 1115 503 ditissimam
1141 428 1299 504 codicum

200 547 492 646 manuscriptorum,
512 547 715 646 praesertim
732 571 950 645 graecorum,
975 547 1101 621 seriem
1116 546 1204 623 dono
1220 572 1299 622 mu·

198 663 430 738 nificentissime
454 665 583 753 datam,
608 664 792 738 cardinalis
817 666 1081 765 trapezuntinus
1102 666 1299 754 Bessarion,

196 781 280 854 arius
294 781 490 879 patriarcha
507 782 913 881 constantinopolitanus,
935 783 992 855 vir
1008 780 1225 882 politioribus
1241 783 1299 857 lit·

195 898 256 971 tcn'a
277 895 359 972 bene
384 899 578 988 institutum,
603 900 780 1001 animique
805 900 848 974 ad
872 900 1021 998 grandia
1045 901 1157 1000 parati
1183 899 1299 975 excel·

193 1013 276 1089 lentia
296 1010 459 1113 insignis,
485 1019 519 1090 Is
544 1017 681 1090 ltaliam
708 1017 897 1091 adveniens
923 1043 1014 1093 anno
1042 1019 1136 1091 1438
1152 1027 1205 1107 ut,
1230 1042 1300 1119 qua

191 1133 295 1207 Nicone
309 1133 600 1234 archiepiscopus
616 1135 761 1209 concilio
778 1137 956 1209 Ferrariac
972 1137 1143 1236 incaepto,
1157 1136 1300 1210 Floren-

191 1249 258 1322 tiam
271 1249 487 1347 postmodum
512 1251 692 1340 translato,
715 1252 759 1325 de
775 1253 921 1327 Graecis
946 1279 988 1328 ac
1006 1254 1141 1327 Latinis
1166 1254 1205 1327 in
1221 1251 1301 1327 fidei

191 1368 307 1463 negotm
337 1367 511 1457 uniendis,
536 1368 682 1456 adesset,
707 1369 872 1443 Venetiae
896 1370 1130 1444 verosimilius
1156 1369 1301 1469 appulit.

193 1486 271 1575 cam,
283 1486 387 1562 rebus
400 1487 550 1576 infautia,
567 1488 754 1563 concilium
766 1489 810 1562 ad
823 1490 928 1564 finem
940 1490 1198 1589 perduceretur,
1215 1492 1301 1563 Bes·

195 1604 285 1678 sarion
300 1603 344 1677 ad
370 1627 452 1678 suos
468 1606 647 1693 remeauit,
664 1607 826 1679 non-sine
842 1606 1008 1682 desiderio
1028 1607 1149 1682 Italiae
1174 1609 1303 1681 iterum

196 1719 344 1809 riscndac,
353 1720 397 1794 ad
410 1747 515 1820 quam
527 1725 818 1822 praestantiorum
828 1724 983 1799 virorum
997 1725 1095 1822 copia
1108 1748 1150 1799 ac
1163 1724 1303 1799 fervens

195 1837 395 1913 snmtiarum
420 1848 458 1913 et
481 1841 611 1915 artium
634 1841 924 1915 restituendarum
942 1841 1097 1916 studium
1114 1840 1302 1915 adluxerat

195 1955 250 2030 Nec
262 1956 367 2031 deluit
384 1959 529 2047 occasio,
554 1985 634 2032 nam
652 1984 735 2034 cum
752 1959 845 2033 tristi
863 1960 1032 2033 Graeciae
1057 1984 1078 2032 a
1095 1959 1222 2033 Turcis
1240 1983 1303 2032 ra·

195 2084 282 2148 statae
297 2077 496 2174 spectaculo
514 2076 667 2150 vividius
684 2087 889 2166 commotus,
905 2101 947 2151 ac
964 2103 985 2149 a
1000 2077 1166 2176 pontifice
1181 2078 1304 2173 Euge·

197 2190 239 2265 nio
254 2204 372 2294 quanto
397 2195 434 2266 in
459 2194 687 2269 cardinalium
712 2205 852 2268 caetum
877 2205 970 2269 esset
988 2191 1305 2294 cooptatuanilail

196 2311 284 2405 potius
307 2313 409 2387 duxit
434 2337 541 2411 quam
565 2313 729 2386 miseram
753 2312 903 2412 patriam
919 2313 1085 2399 descrere,
1110 2335 1218 2412 seque
1234 2314 1305 2386 Ro·

198 2449 268 2499 mam
281 2429 474 2503 transferre.
500 2431 675 2503 Fortunae
696 2430 804 2503 uertit
829 2431 920 2529 qnod
937 2431 1161 2530 pretiosorum
1183 2452 1305 2503 secum

198 2537 414 2621 bibliothecam
430 2545 597 2634 deferens,
623 2546 762 2621 domum
784 2546 958 2647 propriam
979 2545 1082 2647 'quasi
1107 2545 1305 2620 litterarum

199 2660 364 2737 academiae
389 2664 602 2738 domicilium
627 2664 859 2754 constituerit,
884 2690 926 2740 ac
950 2664 1145 2739 studiorum
1170 2685 1305 2737 macce-

200 2797 252 2861 Πᾶς
264 2776 499 2855 benevolentia
515 2782 617 2880 plane
634 2782 816 2879 singulari,
833 2783 955 2880 magni
972 2781 1126 2856 nominis
1142 2781 1237 2855 viros
1253 2781 1304 2856 fo·

201 2895 266 2968 uerit
278 2897 460 2987 Plotinam,
476 2902 668 2989 Perottum,
686 2900 864 2973 Valerium
882 2897 1139 2974 Viterbiensem
1155 2900 1303 2975 maximi

202 3008 380 3111 episcopum,
410 3017 597 3116 Casparom
627 3017 764 3106 Zacchi,
794 3017 1056 3117 Argiropulum,
1087 3017 1304 3092 Theodorum

202 3123 277 3215 Gaza
292 3132 497 3207 Michaelem
513 3135 741 3234 Apostolium,
759 3135 998 3209 Andronicum
1017 3136 1214 3225 Callistum,
1239 3135 1303 3208 Ju-

203 3236 302 3321 lanum
329 3250 507 3325 blaffoium
537 3253 836 3353 archiepiscopum
871 3279 1098 3342 racusanum,
1131 3255 1302 3327 Joanncm

204 3357 363 3460 baptistam
390 3368 634 3442 Almadianum
660 3370 701 3444 de
727 3368 899 3460 Viterbio,
925 3370 1097 3445 Blendum
1123 3368 1302 3457 Flavium,

206 3475 364 3557 bonitium
381 3485 616 3576 Calderinum,
640 3489 783 3563 fratrom
800 3489 970 3562 loannem
988 3487 1087 3562 Gatti
1105 3509 1303 3559 messanen·

208 3614 263 3671 uem
282 3602 343 3674 Vir
359 3629 518 3678 summus
534 3605 676 3697 interca,
702 3633 772 3706 qua
793 3607 1015 3705 negotiorum
1033 3603 1125 3678 sedis
1142 3601 1302 3701 apostoli·

207 3729 248 3783 ue
268 3727 365 3809 actor,
394 3721 628 3819 legationibus
657 3723 814 3823 pluribus
839 3723 991 3811 functus,
1017 3721 1184 3794 Venetias
1210 3742 1302 3794 anno

209 3822 275 3903 1463
286 3848 392 3913 orator
405 3840 533 3915 missus
551 3850 603 3915 est
617 3867 637 3914 a
651 3842 814 3940 pontifice
827 3841 889 3914 Pio'
902 3839 1053 3914 sociando
1068 3836 1127 3938 (1),
1141 3849 1181 3913 ut
1195 3865 1301 3937 gran-

148 4050 150 4055 ·
207 3937 277 4038 diori,
291 3955 374 4052 quod
390 3957 456 4032 iste
472 3957 688 4047 moliebatur,
706 3959 743 4032 iu
760 3962 893 4033 Tuscus
915 3959 1053 4056 incepto
1081 3956 1140 4056 (2),
1166 3982 1302 4056 rempu-

257 4164 281 4227 ,lp
298 4150 492 4226 llaaceuaaeaa
510 4175 632 4236 Bulurz'o,
653 4174 696 4236 111,
716 4174 757 4226 93.

204 4249 283 4383 mill
300 4255 357 4311 Pius
376 4261 412 4321 11,
434 4262 569 4314 (baranum.
592 4264 608 4312 l.
629 4263 693 4325 ΧΠ,
715 4277 739 4327 p.
759 4262 818 4316 315.
839 4291 870 4302 -
890 4264 1016 4327 Sarnade,
1040 4263 1113 4315 Vitae
1130 4261 1240 4324 ducrum,
1259 4260 1307 4314 col.
