3038 5122
218 290 264 363 14

214 423 347 499 nullam
364 425 402 499 in
419 425 522 500 Italia
537 426 594 501 vel
610 448 767 517 numero,
779 425 836 500 vel
851 425 1066 526 praestantia
1081 423 1354 525 comparandam

216 540 324 617 luisse
340 553 509 618 tenemus.

314 687 335 733 «
361 660 432 734 Diu
457 686 648 761 suspensus
673 660 850 761 animique
875 686 1003 760 anceps
1027 660 1094 734 fuit
1127 671 1246 734 utrum
1277 658 1356 731 exi-

217 800 239 847 »
255 777 367 851 'mium
384 778 480 852 huno
497 779 700 879 multiplicis
716 777 893 853 doctrinae
909 778 1122 865 thesaurum,
1136 798 1241 876 quem
1258 774 1355 849 bono

217 919 240 965 ›>
256 895 394 995 publico
420 906 454 970 et
479 896 653 970 studiosae
678 895 874 970 iuventutis
899 895 1077 970 eommodo
1101 895 1353 984 destinaverat,

217 1037 238 1085 »
256 1014 451 1102 Florentiae
477 1037 559 1089 mox
584 1013 642 1087 rel
666 1015 798 1087 Romae
827 1039 872 1086 an
897 1013 1054 1086 Venetiis
1080 1015 1194 1111 potius
1218 1012 1354 1086 adscri-

217 1155 238 1203 »
256 1131 407 1205 bendum
433 1131 643 1232 relinqueret
662 1131 718 1227 (l)
744 1156 762 1200 »
789 1131 906 1203 Primo
932 1131 1071 1230 quidem
1097 1130 1353 1228 amplissimam

216 1248 321 1323 huius
333 1249 538 1323 ‘monasterii
554 1248 857 1326 Benedictinorum
874 1273 901 1321 s.
918 1247 1063 1345 Georgii
1080 1247 1231 1337 maioris
1257 1246 1354 1346 apud

217 1390 303 1467 quos
328 1376 481 1466 tempore
505 1391 589 1441 suae
612 1366 798 1464 legationis
822 1350 970 1466 hospitio
1000 1374 1176 1440 recreatus
1204 1373 1259 1439 est
1286 1363 1353 1462 (2),

215 1484 424 1584 dignitatem
441 1483 625 1558 Bessarion
650 1483 938 1573 animadvertens,
965 1483 1015 1558 eis
1036 1484 1172 1559 codices
1189 1505 1352 1581 graecos,

215 1600 282 1676 sibi
298 1626 418 1677 eorum
435 1628 503 1675 usu
520 1602 602 1675 dum
619 1603 756 1676 viveret
773 1611 959 1690 reservato,
976 1600 1063 1675 dono
1080 1598 1271 1689 obtuleram
1289 1622 1352 1674 ve·

215 1745 294 1794 rum
311 1745 393 1795 cum
410 1730 548 1819 putaret
559 1717 696 1793 nullum
712 1719 858 1793 Graecis
875 1742 919 1791 ex
936 1718 1049 1816 patria
1065 1716 1274 1807 extorribus,
1287 1718 1350 1818 qui

214 1861 354 1938 operam
366 1836 497 1911 litteris
513 1859 643 1940 navare
660 1845 827 1935 cuperent
843 1836 1014 1934 aptiorem
1025 1833 1142 1908 locum
1154 1843 1217 1907 aut
1232 1835 1351 1932 magis

215 1954 359 2029 obvium
377 1979 482 2054 quam
499 1951 620 2028 urbem
638 1953 754 2052 ipsam
771 1951 884 2027 offerri
901 1976 1001 2053 posse
1019 1949 1079 2049 (3),
1103 1949 1260 2027 consiliis
1276 1975 1351 2025 ma·

215 2070 312 2145 ximo
336 2071 373 2143 in
395 2069 593 2145 id'eonlatis
610 2069 709 2144 Pauli
735 2069 945 2158 Mauroceni
970 2070 1101 2143 Romae
1125 2090 1187 2167 pro
1204 2067 1351 2142 Venetis

215 2188 360 2262 oratoris
379 2185 437 2286 (4),
454 2187 684 2278 donationem,
709 2187 872 2287 pontifice
889 2185 997 2261 Paulo
1013 2186 1049 2257 11
1065 2184 1271 2282 indulgente
1289 2182 1351 2282 (5),

214 2303 405 2391 revocavit,
427 2304 697 2405 universamque
712 2303 957 2381 bibliothecam
980 2301 1012 2375 d.
1029 2303 1158 2391 Maleo,
1183 2311 1350 2400 perpetuo

215 2421 485 2511 custodiendam,
511 2422 632 2521 largiri
658 2421 821 2496 docrevit.
846 2419 947 2506 Quod
968 2418 1128 2518 generosi
1145 2418 1255 2492 animi
1273 2443 1350 2517 pro

215 2537 368 2637 positum
393 2563 475 2614 oum
492 2541 723 2614 Maurocenus
741 2539 885 2613 Venetis
909 2538 1067 2638 aperiret,
1094 2537 1216 2611 statim
1240 2536 1280 2610 in
1296 2561 1350 2613 se-

213 2667 320 2731 natus
334 2657 489 2732 eonsiliis
506 2666 648 2756 captum
664 2656 707 2730 de
718 2655 845 2754 gratiis
858 2655 1003 2754 agendis
1020 2680 1061 2731 ae
1078 2654 1146 2728 loeo
1157 2653 1349 2750 ἅφαίαπᾱο

207 2795 275 2870 pao
298 2771 387 2847 dicto
411 2771 605 2847 bibliotheca
632 2770 690 2871 (6),
716 2796 819 2873 quem
846 2772 956 2846 mlum
978 2772 1200 2845 novissimma
1216 2771 1351 2868 pontii

281 3085 316 3151 (l)
335 3086 469 3152 Baadim',
494 3087 553 3138 Vita
571 3086 750 3150 nestoriana,
769 3099 794 3150 p.
815 3085 857 3150 83,
878 3083 935 3137 lae.

283 3175 317 3239 12)
337 3174 452 3240 denudo,
473 3176 545 3226 Vitae
563 3175 666 3237 ducatu,
684 3175 735 3227 eol.
758 3173 833 3226 1174.

284 3265 317 3327 (31
337 3264 470 3316 Scrittmo
491 3263 593 3328 Tiepolo
606 3265 634 3314 al
646 3263 749 3327 Scitote,
763 3277 786 3315 a.
802 3262 876 3315 1738.
892 3258 1008 3329 [Riserv.
1022 3261 1079 3313 eod.
1095 3262 1153 3323 114,
1165 3266 1194 3326 p.
1210 3260 1354 3332 lea-iol}

281 3355 314 3416 (4)
335 3352 402 3404 ibid.

280 3441 314 3506 151
334 3440 415 3492 Bulla
432 3440 510 3493 Pauli
527 3441 551 3491 11
569 3443 645 3492 extat
656 3442 683 3491 in
696 3440 787 3492 codiee
805 3440 941 3491 marciano
960 3432 1002 3505 [L.
1017 3438 1088 3501 XIV,
1103 3438 1144 3501 14,
1158 3439 1176 3489 i.
1189 3437 1264 3508 4-9].
1276 3438 1358 3490 Hane

208 3529 305 3581 Petrus
324 3528 453 3592 Dulcius,
473 3542 566 3581 mense
585 3530 719 3580 februario
737 3531 801 3580 anni
821 3529 904 3590 1522,
924 3526 1056 3579 edendam
1079 3527 1187 3578 curavit
1209 3539 1243 3578 ea
1266 3528 1358 3578 simili

207 3617 361 3671 authentico
381 3619 410 3668 ia
428 3619 527 3670 urrato
543 3619 707 3671 cancellaria
723 3619 864 3679 existenti,
882 3630 945 3668 cnm
964 3616 1061 3668 notarii
1080 3616 1173 3666 Rosati
1196 3615 1356 3678 rogatione,

208 3707 299 3759 tribus
317 3705 395 3769 soliis,
414 3708 472 3758 sine
492 3707 551 3758 loeo
568 3710 596 3758 et
613 3720 695 3769 anno,
714 3705 762 3756 8.⁰.

279 3795 313 3859 (o)
334 3812 349 3841 «
368 3794 444 3858 1468,
464 3795 507 3846 die
524 3795 558 3847 28
576 3796 674 3847 martii.
693 3793 945 3847 Reverendisaimus
961 3792 1088 3845 dominus
1106 3791 1253 3845 cardinalis
1278 3793 1357 3845 nice-

210 3899 225 3929 »
243 3894 308 3944 nus,
326 3884 374 3946 qui
392 3895 502 3935 summo
518 3883 608 3936 studio
626 3886 654 3935 et
670 3883 814 3947 diligentia
828 3881 1014 3934 aoeumuiavit
1025 3883 1197 3945 noningenta
1209 3881 1358 3933 volumina

211 3989 226 4018 a
245 3971 348 4036 optima
365 3972 394 4023 et
410 3970 595 4036 pulcherrima
612 3973 640 4025 in
659 3976 776 4036 utraque
793 3969 931 4032 facultate,
945 3970 1030 4022 latina
1041 3973 1069 4021 et
1082 3982 1190 4034 gisem,
1204 3971 1287 4034 precii
1300 3972 1358 4022 oir-

209 4076 225 4107 »
241 4059 309 4113 otior
326 4057 482 4122 quindeoim
500 4057 618 4111 millium
636 4058 809 4121 ducatorum,
821 4058 933 4110 hortatu
949 4061 978 4110 et
994 4058 1168 4111 suasionibus
1186 4056 1287 4108 nobilis
1306 4059 1358 4109 viri

209 4166 225 4197 »
243 4146 324 4201 Pauli
341 4146 512 4210 Manroeoni,
530 4151 676 4201 eontentus
693 4153 736 4202 est
753 4148 848 4213 largiri
866 4160 899 4200 no
915 4146 1050 4199 dimittere
1066 4160 1100 4197 aa
1113 4147 1155 4197 iii.
1174 4145 1358 4199 dominationi

208 4256 224 4285 »
243 4239 361 4302 noemae,
374 4251 438 4291 cnm
449 4238 484 4290 sit
495 4238 594 4290 nobilis
606 4243 697 4290 noster
709 4243 736 4291 et
753 4237 786 4289 de
804 4241 896 4290 nostro
914 4238 1026 4301 gremio,
1046 4237 1085 4287 ita
1101 4239 1193 4287 tamen
1211 4239 1245 4286 ut
1262 4235 1358 4289 iooum

209 4344 224 4372 »
243 4325 271 4376 in
289 4324 389 4390 pluteis
406 4326 507 4377 nostris
524 4327 611 4379 saneti
631 4326 712 4379 Marci
731 4327 937 4380 convenientem
955 4331 983 4377 et
1000 4339 1125 4391 capacem
1150 4324 1285 4389 deputare
1306 4340 1359 4379 re-
