3038 5122
1272 308 1317 379 13

221 448 369 549 Sgrrropuli
388 445 447 546 (1),
459 444 605 520 loannis
622 441 818 517 Plusiadani
838 442 896 544 (2),
910 443 1056 519 Ocsmae
1072 441 1233 518 monachi
1253 442 1315 541 (3),

219 565 329 664 Georgii
344 563 574 664 Zaragaropuli
595 562 639 661 (4)
666 571 703 636 et
719 562 864 637 loannis
881 561 988 634 Rhesi
1008 559 1054 660 (5)
1077 584 1188 662 opera,
1214 585 1316 635 cura·

216 693 264 771 ret,
284 706 397 781 eosque
421 705 492 754 non
516 680 617 755 modo
640 678 766 780 quovis
790 679 851 752 sed
876 678 1086 753 membranis
1114 678 1314 778 exquisitis,

216 795 418 872 caracteribus
435 797 478 870 ad
502 821 669 887 normam,
694 820 796 896 opere
820 804 898 896 post
922 796 1146 896 scriptionem
1163 793 1318 869 adhibito

214 917 324 1016 pictoris
340 914 503 1003 miniani,
529 915 588 1015 qui
605 915 762 1011 insignia
778 914 973 1005 cardinalis,
998 913 1041 988 06
1056 914 1132 987 eins
1148 912 1317 1013 temporis

214 1060 270 1122 ssu,
283 1031 438 1122 addebat;
457 1058 543 1133 quas
560 1057 662 1107 curas
678 1031 797 1105 latinis
814 1054 949 1132 quoque
967 1029 1145 1106 codicibus
1161 1028 1315 1130 impendi

212 1150 305 1240 celarit
328 1148 557 1223 familiaribus
573 1150 610 1223 in
625 1148 670 1222 -id
685 1149 849 1223 adhibitis
867 1149 1043 1224 Matthaeo
1059 1149 1101 1223 de
1118 1149 1317 1246 Oastagno·

211 1267 376 1342 lisnotario
391 1268 604 1355 bononiensi
620 1271 723 1341 Petro
740 1268 843 1341 Turri
861 1267 986 1342 clerico
1002 1265 1316 1363 brandeburgensi,

211 1385 392 1461 Theoderico
406 1385 513 1458 Wuls
528 1386 570 1459 de
586 1383 714 1473 Lubec,
740 1386 875 1458 Joanne
892 1384 1045 1459 Gherich
1070 1385 1113 1458 06
1129 1385 1230 1458 Diest
1257 1382 1315 1481 (6).

214 1504 283 1578 lluic
296 1514 412 1578 tamen
429 1502 586 1577 nobiliori
604 1501 810 1602 supellectili
826 1503 1089 1602 amplificandae
1111 1502 1235 1600 graeci
1251 1502 1317 1579 im-

214 1622 276 1719 perii
300 1646 466 1696 occasum
495 1646 537 1694 ac
566 1620 900 1720 Constantinopolim
930 1629 1067 1720 captam
1092 1620 1320 1694 incitamento

216 1737 297 1811 inisse
312 1738 433 1838 liquet,
450 1737 540 1838 quod
556 1737 631 1810 iure
647 1747 894 1836 expavesceret
914 1735 1139 1810 barbararum
1155 1735 1319 1834 gentium

215 1852 331 1929 incursu
347 1881 391 1931 ac
408 1854 524 1929 stabili
541 1854 578 1927 in
596 1856 743 1930 Graecis
759 1854 1013 1955 domicilioptct
1027 1855 1207 1929 hominum
1223 1853 1266 1927 06
1282 1876 1320 1926 rc

216 1968 356 2047 literaria
372 1974 575 2048 meritorum
600 1997 702 2073 opera
718 1972 859 2047 delenda
875 1973 954 2048 sore.
980 1975 1169 2074 Eapropter
1192 1973 1320 2048 codici-

215 2085 263 2161 bns
286 2114 368 2191 quos
398 2114 417 2165 6
446 2091 558 2190 patrie
583 2090 762 2182 detulerat,
788 2090 916 2166 addidit
944 2092 981 2165 in
1006 2092 1108 2165 Italia
1132 2101 1318 2191 coemptos,

216 2208 390 2303 pracsertim
416 2232 461 2281 ex
478 2206 702 2282 celeberrima
725 2208 925 2283 monasterii
949 2208 1109 2282 basiliam
1135 2235 1161 2283 s.
1183 2208 1320 2283 Nicolai

218 2322 394 2399 desiderum
419 2349 523 2425 prope
541 2325 767 2423 Hydruntem
792 2325 1000 2400 bibliotheca
1018 2325 1063 2425 (7)
1092 2336 1126 2400 et
1143 2351 1230 2426 quos
1247 2327 1317 2399 Nc·

219 2440 387 2542 rinbergae
416 2470 438 2516 a
464 2444 702 2518 cellamarensi
733 2442 1042 2517 Carthasianorrrm
1071 2443 1317 2544 acquisiverat,

220 2581 271 2655 qna
283 2561 456 2635 occasione
472 2584 563 2635 anno
582 2561 675 2633 1460
693 2558 736 2633 ad
752 2558 844 2635 hanc
860 2559 981 2633 urbem
999 2560 1127 2634 missus
1144 2569 1198 2634 est
1223 2560 1320 2656 lega·

221 2683 310 2751 tusut
324 2677 453 2752 bellum
478 2662 617 2752 sacrum
642 2677 679 2750 in
701 2678 833 2752 Turcas
858 2677 1075 2777 promoveret
1102 2676 1160 2775 (8).
1184 2675 1322 2750 Exinde

221 2789 328 2888 ingenti
344 2796 394 2869 illi
412 2820 453 2870 ac
470 2796 636 2894 egregiae
660 2794 825 2868 librorum
843 2795 1047 2903 collectioni,
1072 2821 1178 2897 quam
1188 2795 1322 2893 trigin-

222 2913 248 2978 ta
266 2936 434 2987 aureorum
463 2910 616 2986 millibus
642 2923 810 3004 constare,
840 2922 961 2986 contra
987 2904 1131 2988 sensum
1162 2922 1321 2987 senatus-

223 3028 337 3103 oonsdti
362 3030 411 3103 23
437 3030 553 3103 martii
589 3031 703 3119 1468,
741 3032 890 3105 assernit
920 3031 1057 3106 Platina
1082 3033 1118 3105 in
1135 3030 1320 3129 panepyri,

271 3277 298 3343 0)
313 3280 376 3333 660.
394 3280 456 3335 274.

272 3367 298 3427 tet
315 3370 377 3423 Cod.
396 3371 457 3423 364.

270 3456 296 3520 tt]
312 3459 375 3512 Cod.
393 3459 455 3512 280.

268 3546 295 3605 ill
312 3548 392 3601 Codd.
411 3549 473 3614 360,
492 3551 550 3603 380,

267 3636 296 3698 (5)
313 3638 392 3690 0600.
412 3640 473 3702 200,
491 3640 552 3703 248,
571 3640 632 3704 260,
651 3640 712 3706 263,
730 3641 791 3706 280,
809 3643 870 3709 285,
886 3643 946 3707 287,
961 3644 1022 3707 322,
1038 3642 1098 3707 378,
1114 3642 1174 3709 384,
1190 3642 1251 3706 388,
1266 3640 1327 3704 405,

214 3716 259 3770 495.
273 3750 302 3760 -
318 3724 349 3776 G.
370 3727 415 3789 lv,
434 3726 478 3789 33,
498 3727 544 3789 IX,
566 3728 605 3780 16.

268 3814 397 3877 106600.
418 3816 461 3877 50,
479 3815 522 3878 82,
543 3817 601 3879 164,
622 3818 680 3882 171,
698 3819 760 3883 288,
779 3820 839 3885 303,
857 3821 917 3885 313,
936 3821 997 3885 346,
1016 3820 1075 3874 382.

264 3902 475 3964 61666666,
495 3902 535 3956 12.
556 3933 587 3942 -
606 3906 730 3970 Bandini,
748 3909 808 3961 Vita
826 3911 1004 3974 Bessam'onis,
1023 3925 1048 3976 p.
1069 3911 1109 3965 10.

262 3989 293 4052 Ι(8)
312 3991 403 4043 Huius
425 3991 572 4056 legationis
590 3997 777 4058 gennanicoe.
796 3999 875 4051 euius
892 4000 973 4064 plura
990 4004 1084 4053 extent
1105 4002 1282 4052 monumenta
1301 3999 1328 4047 in

197 4079 310 4143 penitiori
331 4080 468 4132 tabulario
485 4084 624 4144 vaticano,
644 4089 827 4138 narrationem
848 4088 922 4139 dedit
939 4088 1046 4140 Platlna
1063 4090 1092 4140 in
1110 4089 1228 4140 6606666
1240 4098 1328 4151 parre-

192 4170 289 4231 66νο6,
306 4183 390 4234 quam
408 4169 487 4234 legas
504 4171 542 4223 lm
559 4171 703 4238 Bendinio,
722 4174 753 4224 cle
770 4176 828 4227 cite
845 4177 1023 4243 Bessariom's,
1042 4194 1067 4244 p.
1086 4176 1172 4230 lost
1199 4176 1274 4238 Quos
1293 4174 1330 4225 li-

194 4258 250 4307 bros
268 4256 407 4310 Bessarion
425 4259 620 4326 Norimborgae
637 4265 744 4326 ctienrit,
764 4264 826 4316 lolio
844 4268 931 4331 primo
949 4269 1107 4331 antistant,
1124 4266 1215 4319 oddito
1230 4263 1327 4328 acqui-

190 4347 289 4399 sitionis
307 4349 400 4412 pretio.
