3038 5122
346 268 395 344 20

349 432 369 476 r>
388 405 557 480 micilium
576 404 652 480 fieri
674 413 726 479 tot
745 401 1120 503 praestantissimorum
1137 400 1356 476 voluminum
1372 425 1476 501 grae-

348 548 367 591 »
385 546 446 597 cae
472 531 507 596 et
531 521 659 597 latinae
683 521 906 596 litteraturae.
931 518 1029 594 Nihil
1053 527 1230 621 praeterea
1251 518 1342 620 quod
1358 518 1475 617 magia

349 665 368 708 r>
386 649 551 714 testatam
576 650 611 714 et
628 638 807 738 cognitam
824 636 979 711 redderet
995 647 1071 711 tum
1089 661 1262 711 summam
1278 637 1475 711 doctrinam

346 782 366 826 »
384 767 419 831 et
447 755 615 832 bonarum
645 755 773 834 artium
796 755 980 829 scientiam
1005 762 1170 843 vestram,
1194 763 1272 828 tum
1297 778 1384 853 erga
1409 777 1473 828 nos

347 900 367 945 »
387 884 422 948 et
438 872 686 972 rempublicam
699 885 854 949 nostram
867 871 1169 972 incomparabilem
1181 870 1476 964 benevolentiam

349 1015 368 1061 »
387 991 522 1093 quando
539 991 678 1091 quidem
696 1000 859 1090 perpetuo
876 990 1010 1064 dicetur
1027 999 1062 1063 et
1079 987 1121 1062 ab
1138 987 1299 1064 omnibus
1312 987 1476 1064 decanta·

349 1107 491 1198 abitur,
513 1118 667 1209 vestram
696 1106 1019 1181 reverendissimam
1043 1105 1324 1196 dominationem,
1348 1115 1390 1180 ut
1416 1104 1476 1180 do·

348 1254 367 1298 r>
386 1226 582 1302 ctissimum
607 1236 654 1328 et3
667 1223 963 1325 sapientissimum
988 1233 1132 1322 patrem,
1157 1222 1208 1296 ita
1224 1222 1329 1296 etiam
1347 1220 1478 1321 princi·

348 1367 464 1443 »pem
489 1354 525 1417 et
550 1352 727 1417 auctorem
752 1341 859 1416 fuisse
884 1350 958 1414 tam
982 1340 1147 1440 praeclari
1171 1350 1207 1415 et
1230 1340 1300 1414 late
1324 1339 1478 1438 patentis

347 1487 367 1532 »
386 1460 541 1534 muneris
558 1459 600 1533 ad
617 1484 720 1533 usum
737 1468 773 1532 et
789 1459 976 1533 utilitatem
990 1458 1164 1558 publicam
1177 1456 1375 1557 comparati.
1393 1459 1478 1531 Ete-

348 1605 368 1650 »
385 1580 460 1654 nim
485 1578 515 1651 si
541 1579 706 1681 Lycurgo
731 1601 867 1652 summo
890 1577 967 1652 vire
991 1576 1123 1674 gloriae
1147 1576 1268 1650 datum
1292 1585 1356 1667 est,
1382 1575 1476 1676 quod

348 1724 367 1767 »
386 1698 519 1797 primus
536 1698 724 1770 Homerum
743 1695 851 1767 variis
876 1695 913 1767 in
938 1694 1023 1769 locis
1048 1718 1108 1793 per
1132 1693 1263 1768 frustra
1277 1693 1479 1792 'dispersum

349 1841 368 1885 »
387 1840 432 1889 ex
449 1814 534 1888 Asia
550 1824 663 1892 tetum
681 1815 718 1887 in
735 1815 918 1888 Graeciam
935 1812 1179 1911 reportaverit;
1200 1810 1283 1911 quid
1301 1808 1401 1886 vobis
1418 1809 1477 1884 de-

353 1957 372 1999 »
390 1928 539 2019 bebitur,
557 1955 666 2030 quum
682 1914 800 2003 vestra
817 1954 928 2028 opera,
946 1930 1069 2021 studio,
1094 1929 1266 2004 industria
1286 1938 1322 2002 et
1338 1928 1480 2001 demum

352 2076 371 2119 r>
389 2049 628 2123 munificentia
644 2049 775 2122 factum
792 2047 849 2137 sit,
863 2057 903 2120 ut
915 2056 968 2120 tot
984 2047 1159 2145 praeclara
1173 2045 1353 2121 volumina
1365 2055 1402 2120 et
1417 2045 1476 2121 lit-

350 2177 540 2241 »terarum
558 2175 781 2266 monumenta
806 2162 994 2238 etenebris
1019 2163 1057 2238 in
1078 2165 1204 2255 lucem,
1232 2188 1251 2239 e
1276 2164 1425 2240 Graecia
1441 2164 1479 2237 in

351 2310 370 2352 »
388 2283 535 2372 Italiam,
548 2294 583 2356 et
599 2283 737 2356 demum
755 2284 866 2356 Roma
882 2281 1057 2371 Venetiae,
1075 2306 1204 2381 magne
1220 2281 1383 2356 examine
1399 2281 1478 2356 lati·

350 2426 368 2470 »
386 2424 520 2489 norum,
538 2410 573 2474 et
590 2398 727 2504 quidem
744 2399 962 2498 optimorum,
981 2398 1256 2473 reducerentur?
1272 2401 1359 2473 Erat
1375 2397 1479 2473 nobis

349 2545 368 2589 »
387 2529 489 2593 antea
504 2529 608 2593 notus
625 2542 666 2592 ac
683 2517 921 2616 multipliciter
938 2516 1102 2614 cognitus
1119 2516 1310 2615 singularis
1327 2540 1425 2591 amor
1442 2523 1477 2590 et

349 2661 368 2704 a
386 2634 625 2709 benevelentia
641 2644 759 2708 vestra
775 2658 860 2732 erga
876 2657 948 2709 nos,
966 2634 1151 2733 Complura
1168 2643 1378 2733 argumenta
1394 2657 1477 2707 eon·

349 2777 368 2821 »
387 2752 485 2824 tinue
514 2751 717 2841 extiterunt,
747 2774 835 2850 quae
864 2751 1145 2826 constantissimo
1173 2760 1372 2825 nostrorum
1402 2772 1476 2823 om·

350 2894 369 2938 »
387 2869 486 2941 nium
512 2892 669 2942 sermone
690 2869 812 2967 quanti
837 2879 1001 2959 nostram,
1027 2871 1133 2943 immo
1158 2878 1313 2943 vestram
1338 2893 1478 2969 rempu-

351 3011 370 3056 »
389 2985 514 3060 blicam
531 2986 692 3075 feceritis
709 2996 744 3060 et
760 3010 821 3085 pro
837 2986 1008 3084 dignitate
1024 2996 1142 3061 nostra
1155 2985 1407 3075 laboraveritis,
1423 2986 1480 3060 iu·

350 3129 369 3171 »
388 3104 535 3201 signiter
557 3105 783 3178 declararunt.
802 3105 868 3178 Sed
885 3104 950 3179 hoc
967 3103 1248 3180 liberalissimum
1265 3105 1399 3179 sactum
1417 3128 1479 3179 ve-

349 3247 368 3289 »
387 3232 510 3311 strum,
536 3212 659 3321 nempe
684 3221 774 3322 quod
799 3221 979 3296 civitatem
1002 3232 1158 3297 nostram
1174 3233 1210 3296 et
1226 3220 1345 3295 aedem
1362 3221 1481 3296 sancti

352 3366 372 3408 r>
391 3340 502 3414 Marci
519 3340 786 3438 praeelegeritis
803 3341 860 3413 eui
880 3340 1042 3415 viventes
1058 3342 1145 3415 dono
1161 3339 1407 3444 bibliothecam
1429 3341 1483 3439 ip·

349 3482 369 3526 ›>
387 3482 462 3530 sam
479 3457 616 3546 daretis
633 3458 684 3531 sic
702 3459 880 3556 superavit
896 3458 1012 3533 omnia
1029 3459 1151 3546 efficia,
1177 3461 1228 3532 sie
1244 3458 1362 3531 hausit
1380 3481 1479 3531 amo·

349 3600 368 3642 »
386 3575 434 3647 ris
450 3585 486 3648 et
509 3562 768 3649 benevolentiae
794 3575 877 3665 vim,
904 3589 943 3648 ut
968 3575 1055 3648 nihil
1080 3576 1158 3649 addi
1184 3598 1284 3674 posse
1305 3572 1483 3648 videatur.

349 3716 368 3760 »
388 3694 510 3767 Restat
526 3682 655 3793 itaque>
669 3703 710 3767 ut
727 3716 786 3792 pre
803 3692 998 3767 huiusmodi
1024 3704 1141 3768 vestro
1167 3714 1309 3766 munere
1326 3690 1420 3791 quod
1438 3690 1483 3764 li-

351 3833 369 3875 »
387 3807 471 3881 bens
485 3810 685 3914 accipimus,
699 3821 743 3901 et,
758 3821 798 3885 ut
812 3798 872 3910 pai
885 3820 948 3901 est,
963 3810 1242 3908 magnificamus,
1255 3808 1411 3908 gratiam
1424 3833 1482 3883 re

351 3950 369 3992 »
388 3926 656 3999 uerendissimae
668 3927 892 4002 dominationi
908 3939 1043 4003 vestrae
1055 3927 1255 4017 habeamus,
1271 3926 1411 4026 quando
1429 3951 1486 4000 re-

350 4065 369 4109 »
389 4041 476 4115 forre
502 4042 566 4116 hoc
591 4053 743 4142 tempore
769 4070 838 4119 n0n
859 4045 983 4137 datur3
1009 4046 1294 4146 exploratumque
1318 4042 1486 4118 habetote

352 4184 370 4228 >›
389 4184 457 4232 nen
475 4161 597 4234 minori
624 4162 801 4260 voluptate
825 4163 917 4262 ipsos·
942 4161 1046 4237 libros
1073 4173 1279 4262 excepturos
1305 4185 1413 4260 quam
1434 4160 1485 4234 fe·

351 4304 369 4342 >›
390 4287 471 4349 runt
488 4281 659 4354 Romanos
678 4291 822 4354 nratrern
840 4281 979 4354 deorum
994 4306 1135 4355 sumum
1153 4291 1214 4357 aut
1228 4275 1484 4375 Aesculapium
