3112 5130
210 284 255 355 10

206 442 288 494 eum
304 418 496 518 praeposito
513 419 692 495 lemmate:
706 444 727 490 «
742 417 899 494 Curionis
914 440 984 492 non
998 419 1177 518 ingratum
1190 420 1338 496 arbitror

206 563 227 607 »
245 534 419 636 syllabum
447 533 613 611 librorum
642 537 680 609 in
710 533 931 624 membranis,
955 536 1088 612 calamo
1117 539 1339 639 scriptorum,

206 679 228 724 »
246 677 333 754 quos
358 653 513 729 marchio
535 652 698 728 dominus
719 650 877 727 Linterni
902 676 988 727 aura
1012 663 1048 729 et
1064 679 1159 745 auro,
1184 680 1287 757 prece
1303 666 1339 732 et

205 797 227 844 a
245 772 376 872 pretio;
401 794 462 871 pro
486 772 663 871 primaevo
688 769 934 845 mediolanensi
959 796 1088 863 museo,
1113 772 1158 848 ab
1183 775 1338 874 ipsorum

207 912 229 959 »
245 912 440 989 possessore
452 888 599 978 Patavii,
613 888 811 963 inmmerito
824 887 1012 986 plurimum
1025 889 1184 981 faciente,
1197 888 1338 966 domum

207 1005 405 1082 »obtinuit
424 1015 630 1080 »Attamen
648 1031 727 1080 cum
746 1004 859 1105 operis
882 1015 1003 1081 textus
1028 1008 1065 1080 in
1083 1007 1339 1109 exemplaribus

207 1124 277 1199 iore
293 1122 454 1200 omnibns
470 1124 606 1198 desinat
622 1150 701 1224 pag.
719 1124 803 1214 270,
814 1123 965 1220 sylaeo
982 1135 1099 1199 autom
1115 1126 1273 1227 proxime
1286 1129 1339 1202 in·

205 1266 354 1343 sequens
370 1244 610 1317 numeratione
626 1252 753 1331 careat,
778 1252 874 1342 patet
891 1242 1038 1341 paginas
1060 1244 1236 1333 271-280,
1262 1246 1339 1345 qui-

205 1358 274 1434 bus
289 1371 389 1435 extat
404 1384 541 1461 quoqne
557 1360 661 1433 index
688 1382 843 1449 recusus,
868 1360 981 1433 serius
1005 1359 1148 1448 additas,
1174 1361 1265 1461 quod
1281 1384 1340 1435 ac·

205 1489 329 1553 curata
352 1488 388 1553 et
412 1480 554 1553 chartae
578 1489 612 1553 et
638 1488 802 1577 typorum
827 1476 1038 1577 comparatio
1067 1477 1209 1554 evincit.
1240 1479 1340 1565 Quod

206 1606 324 1671 autem
342 1621 482 1695 prorsus
499 1597 677 1695 singulare
694 1605 788 1694 puto,
801 1593 836 1668 id
852 1608 905 1669 est
917 1618 975 1669 eos
988 1594 1123 1671 codices
1136 1618 1228 1671 anno¹
1244 1598 1338 1670 1867

204 1741 228 1788 a
252 1715 418 1790 Caietano
435 1715 634 1814 Schieppati
659 1712 843 1814 bibliopola
867 1712 1112 1787 mediolanensi
1137 1711 1196 1813 (l),
1220 1712 1340 1789 italico

206 1830 365 1933 publicae
391 1833 632 1907 instructionis
649 1831 840 1905 ministerio
856 1830 997 1904 venales
1013 1830 1122 1905 nisse
1137 1830 1338 1931 propositos.

206 1946 415 2024 commissio
439 1950 477 2023 in
493 1951 560 2025 hoo
576 1950 739 2023 institut-a
755 1948 961 2024 Petrarchae
977 1946 1245 2050 haudquaquam
1262 1970 1340 2048 per·

208 2067 355 2141 tinuisse
379 2067 535 2142 decrevit
551 2067 696 2156 codices,
721 2090 808 2168 quos
832 2090 914 2141 cum
930 2064 1159 2141 bibliothocae
1183 2065 1340 2142 florenti·

205 2208 273 2259 nae
288 2185 543 2259 Laurentianae
567 2184 782 2261 concreditos
804 2185 879 2285 ipse
894 2206 1030 2287 quoqne
1055 2183 1280 2283 inspexerim,
1301 2184 1339 2258 in

204 2303 350 2377 eandem
366 2326 474 2401 cogor
500 2304 622 2378 venire
638 2303 857 2377 sententiam.
870 2302 1036 2376 Eiusdem
1052 2302 1196 2375 lirrluris
1213 2310 1266 2376 est
1282 2318 1341 2378 eo·

205 2419 273 2494 dex
289 2421 529 2520 autographus
545 2419 589 2495 ab
606 2421 723 2521 equite
740 2419 885 2519 Arrighi
902 2419 1073 2519 Potropoli
1092 2419 1250 2494 detectus
1270 2418 1328 2516 (2).

661 2656 786 2731 OAP.
825 2657 879 2734 ΙΙ,

206 2888 346 2961 codices
362 2891 574 2978 manuscript!
591 2909 612 2962 a
628 2891 786 2963 cardinal!
800 2891 1000 2962 Bassaricas
1012 2891 1094 2963 dono
1109 2891 1178 2962 dati
1194 2908 1224 2961 a.
1246 2892 1343 2961 loos.

231 3000 258 3069 Α
276 3002 395 3070 sanato
413 3001 564 3071 laddum
579 3001 621 3070 tis
636 3000 870 3071 concitandis.

307 3229 439 3301 Verum
456 3227 521 3302 etsi
539 3225 831 3307 Petrarcbanihil
855 3226 949 3302 aliud
966 3226 1034 3300 nisi
1061 3251 1215 3303 vacuum
1236 3222 1341 3299 libro

207 3369 287 3418 rum
304 3368 446 3418 suorum
467 3344 673 3419 desiderium
691 3341 790 3418 nobis
807 3342 996 3444 reliquerit,
1021 3343 1128 3416 nobili
1146 3341 1344 3429 admodum,

208 3462 299 3564 quod
315 3462 442 3563 posteri
467 3462 698 3549 imitarentur,
724 3461 853 3562 profuit
878 3452 1043 3560 exemplo.
1068 3463 1206 3534 Revera
1223 3460 1283 3560 qui
1301 3459 1344 3531 il-

208 3578 283 3654 lum
299 3579 337 3653 in
353 3579 420 3655 hec
436 3580 575 3654 honoris
601 3580 782 3680 palaestra,
798 3580 935 3655 saeculo
952 3578 1110 3679 proximo
1132 3577 1344 3678 insequenti,

208 3697 357 3797 excepit,
370 3698 401 3772 is
415 3708 468 3772 cst
481 3699 539 3772 cui
552 3696 762 3773 bibliotheca
771 3707 893 3772 nostra
903 3697 1094 3770 maximam
1109 3697 1213 3771 refert
1227 3695 1344 3792 splen·

275 3896 310 3958 (1)
330 3895 499 3947 Dercrtzr'one
508 3897 606 3948 cloaca
617 3908 632 3946 e
642 3895 820 3961 biblwomstca
832 3895 861 3945 dr
873 3894 986 3946 recturi
996 3894 1083 3945 codici
1092 3894 1283 3944 membranacei·
1294 3905 1350 3942 irra-

203 3986 332 4036 aorcrr'ttr'
349 3984 392 4034 dei
408 3985 487 4035 secolt
503 3984 617 4048 ΗΝ,
635 3985 681 4034 cic
696 3983 857 4049 meatano
872 3984 951 4047 parre
968 3982 1037 4035 della
1054 3980 1192 4033 balmum
1207 3979 1238 4030 dr·
1260 3979 1351 4029 Fran-

203 4086 272 4125 cesco
285 4072 418 4136 Patrona,
438 4075 532 4124 aanor·
544 4073 681 4137 posterna·
696 4071 727 4123 ds
743 4085 793 4123 roo
810 4085 896 4131 mano,
915 4085 961 4123 om
975 4069 1113 4134 possenna
1127 4080 1141 4118 c
1155 4067 1229 4131 porta
1246 4068 1276 4117 tn
1289 4078 1352 4117 ren-

203 4160 262 4213 dtta
281 4162 534 4226 conpleretrcmente
548 4176 636 4227 presso
655 4160 950 4225 eratanostrae,
969 4160 1065 4210 librato
1085 4162 1114 4210 tn
1132 4158 1246 4210 Melana.

274 4252 308 4314 (2)
327 4249 513 4302 illustratione
531 4252 560 4302 αἱ
575 4250 662 4302 codice
679 4251 819 4317 outoqmso
830 4251 863 4301 dt
873 4262 966 4301 naues·
978 4248 1120 4300 l'rcnrcsco
1132 4246 1266 4307 Pctmrca,
1281 4244 1350 4295 stato

213 4341 311 4394 orendo
328 4341 385 4394 alla
401 4340 536 4405 republica
553 4341 688 4393 letternrr'o
699 4339 742 4406 fin
762 4337 906 4391 dall‘rrmro
924 4338 1000 4391 1501,
1018 4337 1206 4400 Pietroburgo,
1224 4335 1298 4386 lore.
