3112 5130
445 434 698 509 (BASSUS
723 436 829 512 vn.

94 1296 171 1371 cad.
194 1301 204 1369 Ι
226 1302 367 1387 membr,
384 1319 473 1373 eaeo.
493 1304 569 1391 xiii,
586 1320 616 1373 a.
633 1303 709 1389 338,
727 1304 746 1372 1.
762 1305 828 1375 ate
846 1304 892 1389 [t.
911 1305 945 1390 ii,
961 1302 1083 1391 xxiiii.
1102 1306 1163 1376 aa.

154 1522 181 1583 1.
199 1521 229 1583 S.
246 1522 388 1602 Dionysii
403 1524 616 1604 Areopagitae,
629 1526 666 1585 de
678 1524 796 1587 coelesti
808 1525 985 1591 hierarchia
997 1524 1067 1587 libri
1078 1527 1194 1601 decem,

59 1650 116 1692 seu
131 1631 269 1711 capitula
283 1630 459 1710 quindecim
475 1650 513 1691 ex
531 1633 670 1693 versione
695 1632 819 1693 Ioannis
833 1633 989 1715 Erigonae
1004 1632 1100 1708 Scoti,
1122 1652 1194 1695 cnm

60 1738 190 1800 scholiis
205 1758 230 1800 s.
247 1739 376 1801 Maximi
392 1746 424 1801 et
439 1740 564 1801 Ioannis
576 1740 836 1822 Scythopoiitani,
853 1740 892 1803 ab
906 1743 1070 1804 Anastasio
1082 1741 1195 1804 biblio

59 1848 200 1909 thecario
223 1847 321 1908 latine
343 1848 480 1923 redditis,
504 1850 660 1910 omniunt
676 1851 710 1910 in
732 1850 866 1911 editione
881 1851 1097 1931 argentinensi
1117 1850 1193 1911 anni

62 1956 160 2031 1502,
177 1957 198 2017 i.
217 1956 326 2017 1-184.

152 2064 305 2127 Praeeunt
321 2065 424 2139 index,
440 2066 588 2146 epistotae
603 2066 761 2127 Anastasii
777 2059 808 2127 et
824 2062 909 2127 Secti
925 2064 1035 2127 Garolo
1047 2066 1144 2127 Caico
1157 2083 1195 2127 ac

60 2173 253 2256 prooemium
269 2194 330 2254 quo
346 2172 522 2235 distributio
538 2175 638 2254 operis
652 2175 698 2235 sio
712 2174 913 2235 enunciatur:
934 2194 952 2234 a
968 2172 1004 2235 In
1016 2174 1126 2255 primia
1141 2190 1195 2235 ca·

61 2304 79 2339 »
99 2281 234 2363 pitulum
257 2283 295 2342 de
318 2287 408 2343 textu
431 2281 638 2345 Hierarctiaa
657 2283 801 2355 inseram,
824 2282 875 2343 oui
897 2283 1005 2343 statim
1020 2285 1194 2363 supponam

60 2412 78 2449 a
98 2391 283 2451 transtatam
299 2392 337 2451 de
360 2408 472 2471 graeco
494 2396 528 2451 et
550 2390 680 2451 latinam
704 2389 913 2469 glossaturam
935 2390 1033 2451 eidem
1056 2389 1195 2468 capitulo

60 2522 76 2557 a
96 2504 339 2580 congruentem
353 2505 459 2579 postea
470 2498 651 2580 praescripti
667 2500 808 2580 capituli,
821 2499 989 2561 secundum
1003 2498 1193 2578 magistram

59 2630 76 2663 a
96 2606 262 2687 Hugonem
278 2609 315 2668 do
331 2608 446 2667 Sancto
462 2607 594 2681 Victore,
611 2607 834 2688 expositionem
855 2606 1063 2686 subiungem3
1079 2606 1192 2667 deinde

58 2738 76 2775 a
95 2714 223 2777 loannis
239 2715 344 2794 Scoti3
369 2717 408 2776 ad
431 2715 575 2775 ultimum
592 2716 716 2776 loannis
731 2714 879 2777 Saraceni
905 2716 1042 2777 eiusdem
1064 2713 1194 2793 capituli

58 2846 76 2884 a
95 2824 276 2903 explanat-io
292 2823 516 2902 subsequetur.
535 2868 541 2884 .
563 2868 570 2882 .
589 2823 668 2884 ‚Sed
684 2824 856 2884 notandum
874 2822 955 2902 quod
969 2820 1127 2903 glossatae
1139 2840 1195 2903 per

58 2956 76 2991 a
97 2934 298 2993 Anastasiurn
316 2932 501 3012 apostolicae
523 2933 604 2993 sedis
620 2930 897 3005 bibliothecarium,
917 2934 955 2993 de
971 2949 1082 3013 graeco
1098 2933 1130 2993 in
1145 2931 1193 2992 ia·

57 3060 75 3099 a
93 3043 199 3102 tinum
219 3042 388 3103 translatae
404 3043 517 3121 part-ini
542 3040 665 3101 abacto
687 3038 859 3102 confessore
874 3039 1019 3114 Maximo,
1042 3041 1158 3120 partim
1174 3057 1193 3100 a

61 3170 79 3206 a
97 3154 209 3209 sancto
229 3149 344 3209 Ioanne
359 3148 594 3229 Seytopoliteno
610 3148 759 3228 pontifice
780 3154 855 3210 sunt
869 3150 989 3211 editae:
1013 3166 1065 3210 eas
1087 3153 1193 3209 tamen

58 3282 75 3314 a
95 3276 205 3319 omnes
230 3258 260 3316 in
284 3256 344 3317 hoc
366 3276 456 3336 opere
479 3257 605 3317 nomine
626 3254 755 3318 Maximi
782 3257 963 3338 pertitulate
982 3257 1129 3337 disposui,
1152 3274 1193 3318 ne

57 3387 73 3423 n
93 3366 175 3425 sorte
189 3369 313 3444 propter
329 3366 524 3427 identitatem
547 3366 709 3425 nominum
732 3366 856 3429 loannis
876 3366 1020 3428 videlicet
1034 3364 1191 3445 Scytopo-

58 3474 187 3534 nlitani
203 3481 234 3533 et
251 3472 376 3534 Ioannis
400 3474 494 3547 Secti,
519 3474 704 3553 Ioannisqne
726 3472 882 3549 Saraceni,
902 3475 1034 3535 intentio
1056 3473 1192 3553 legentis

56 3604 73 3639 a
94 3584 128 3642 in
145 3580 249 3660 aliquo
266 3581 497 3661 perturbaretur
514 3602 543 3639 a.

144 3690 176 3752 2.
192 3689 318 3749 Ioannis
334 3689 478 3751 Saraceni
496 3690 593 3751 latina
616 3692 833 3771 interpretatio
857 3689 1004 3751 librorum
1024 3688 1192 3749 eorundem

53 3797 198 3878 Dionysii
216 3798 421 3877 Areopagitae
436 3800 477 3860 od
491 3801 673 3878 -ruapistrum
688 3801 834 3862 lucarum
848 3801 887 3861 de
908 3798 1093 3873 Fartdieite,
1106 3798 1192 3877 capi-

53 3904 130 3965 tulis
145 3906 333 3983 quindecim,
360 3911 449 3985 prout
472 3909 503 3966 in
519 3908 652 3968 editione
667 3907 836 3969 coloniensi
866 3908 942 3968 anni
963 3906 1057 3981 1536,
1082 3907 1113 3966 in
1131 3923 1193 3985 qua

53 4004 198 4093 Dionysii
215 4012 392 4073 Gartasieni
406 4014 624 4075 commentarii
641 4021 727 4089 sunt,
743 4013 938 4079 f.·185-205.
1007 4052 1020 4065 -·
1111 4032 1114 4041 ·

144 4123 288 4183 Ceterum
316 4142 393 4202 opus
417 4125 452 4184 de
479 4125 599 4185 coelesti
614 4122 791 4185 hierarchia
815 4128 850 4183 ut
872 4128 903 4183 et
932 4128 1033 4185 estere
1056 4123 1088 4183 in
1108 4121 1193 4184 codi-

51 4232 141 4294 cibus
157 4250 233 4292 mss.
249 4250 329 4310 quac
353 4237 528 4312 sequuntur
549 4248 689 4307 excussa,
712 4249 776 4291 non
800 4230 951 4311 Dionysio
975 4230 1191 4311 Areopagitae,

50 4360 89 4401 ex
113 4336 258 4402 uirorum
275 4341 441 4404 doctorum
464 4360 629 4423 consensu,
652 4340 826 4416 tribuenda,
849 4341 901 4403 aed
924 4341 1043 4403 aucmri
1070 4340 1191 4401 incerto
