3038 5122
1279 275 1322 347 le

195 423 215 467 »
232 409 347 493 ctum,
370 402 534 494 deditum,
556 404 831 507 obstrictumque
847 405 992 495 habetis
1008 404 1207 480 huiusmodi
1232 432 1323 484 meo

199 540 219 584 »
235 543 317 592 rum
332 519 498 596 librorum
514 522 552 596 in
568 522 689 621 primis
705 522 842 600 fruetus
858 521 982 599 uberes
998 520 1249 623 diuturnosque
1265 549 1337 598 car

205 657 224 699 r
238 634 363 733 piatis;
386 637 512 713 debinc
529 641 667 730 caeteri,
692 642 753 741 qui
777 641 946 715 bonarum
970 637 1232 739 disciplinarum
1248 651 1322 715 stu-

209 752 325 827 odiosi
349 764 462 844 erunt,
486 765 604 831 vestra
628 781 734 832 causa
754 758 902 857 capiant.
929 758 1143 856 Quapropter
1168 767 1204 832 et
1218 758 1322 835 dona-

215 892 234 937 »
247 869 366 945 tionem
383 871 495 972 ipsam
511 882 547 947 et
563 872 729 949 librorum
749 875 910 965 indicem,
927 886 963 948 et
978 874 1151 974 pontificis
1176 877 1322 951 maximi

220 1010 238 1056 »
251 985 415 1063 decretum
441 989 483 1064 ad
508 1001 643 1066 vestras
668 992 891 1068 excellentias
917 992 1112 1083 mittimus,
1141 1005 1322 1092 precantes

223 1107 351 1180 »Deum
366 1116 408 1181 nt
425 1106 632 1207 reipubbeao
655 1121 794 1184 vestrae
810 1110 926 1185 omnia
949 1108 1046 1199 bene,
1072 1109 1229 1202 feliciter,
1246 1137 1324 1211 pro·

226 1247 243 1293 »
257 1248 404 1325 speroque
433 1226 613 1316 eveniant,
642 1236 678 1301 et
706 1252 827 1324 pacem
855 1227 996 1318 babeat,
1024 1228 1324 1328 tranquillitatem,

228 1341 349 1416 »otium
376 1343 664 1444 concordiamque
691 1354 901 1443 perpetuam.
927 1344 1075 1418 Valeant
1099 1345 1324 1421 excellentiae

228 1482 246 1525 r>
259 1470 374 1537 vestrae
390 1461 547 1536 feliciter.
563 1463 620 1534 Ex
637 1459 769 1534 balneis
786 1459 1066 1551 viterbiensibus,
1092 1486 1184 1538 anno
1201 1464 1324 1537 salutis
1413 1503 1415 1507 >

231 1596 246 1642 r>
261 1575 335 1648 1468
351 1577 461 1676 pridie
477 1577 637 1652 calendas
653 1578 768 1652 iunias
786 1575 882 1677 (1).»

300 1689 513 1795 Respublica,
538 1706 658 1797 utpote
675 1721 763 1797 quae
783 1697 991 1797 primoribus
1016 1698 1102 1771 viris
1127 1699 1323 1773 litterarum

228 1811 313 1887 studio
326 1816 448 1914 peritis
464 1815 657 1905 excelleret,
684 1840 769 1916 quos
793 1814 885 1889 inter
900 1816 1040 1890 honoris
1061 1840 1168 1891 causa
1184 1816 1325 1890 nomino

226 1929 344 2004 Paulum
368 1934 628 2023 Maurocenum,
658 1932 874 2007 Ludovioum
900 1935 1149 2023 Fuscarenum,
1174 1936 1323 2008 Bemar-

226 2043 286 2119 dun
299 2050 549 2140 Jrrstinianum,
574 2050 801 2125 Franciscnm
818 2048 964 2140 Dedum,
988 2050 1204 2125 Bernardum
1220 2054 1322 2125 Bem-

224 2158 292 2255 bun,
307 2167 483 2240 Zacariam
496 2166 699 2257 Barbarum,
716 2167 908 2241 Antonium
924 2167 1135 2260 Dandulum,
1148 2194 1230 2243 cum
1247 2194 1323 2267 pro-

223 2275 370 2358 benosset
382 2294 554 2384 quantum
570 2284 637 2359 sibi
655 2284 779 2360 exinde
795 2285 980 2383 dignitatis
997 2285 1185 2376 accederet,
1202 2298 1324 2384 gratos

223 2396 304 2472 enim
327 2425 452 2476 sensus
478 2411 607 2478 testata
631 2412 685 2476 est
707 2411 848 2477 senatus
873 2402 1041 2490 consulto,
1067 2402 1157 2502 quod
1172 2402 1322 2502 profero:

225 2516 537 2595 «Reverendissimo
562 2519 699 2595 domino
727 2519 891 2593 cardinali
927 2519 1059 2592 niceno.
1084 2517 1257 2593 Libellum
1282 2521 1324 2595 de

227 2631 419 2713 »donatione
448 2636 682 2713 nobilissimae
710 2634 936 2712 bibliothecae
966 2648 1113 2725 vestrae,
1140 2662 1210 2711 una
1240 2663 1322 2712 curn

228 2755 349 2834 »indice
378 2760 535 2835 omnium
564 2754 741 2846 librorum,
765 2758 1039 2856 documentoque
1067 2757 1109 2830 de
1138 2759 1240 2847 adita
1265 2784 1323 2832 oa-

229 2882 362 2975 aptaque
387 2875 602 2975 possessione
618 2899 746 2964 eorum,
771 2873 860 2949 duce
876 2883 911 2948 et
933 2874 1047 2973 capite
1063 2874 1323 2971 elegantissima

228 2990 377 3087 rabula
399 3003 517 3067 vestra
533 2994 576 3067 ad
591 3016 666 3082 nos,
683 3017 788 3090 quam
805 2992 842 3064 in
859 2990 968 3091 ipsius
987 2988 1092 3064 libelli
1109 2990 1221 3065 fronto
1237 3019 1322 3091 qua-

227 3106 492 3185 »sivestibulum
508 3109 743 3210 proposuistis,
767 3109 824 3182 vir
840 3106 964 3184 nobilis
990 3111 1116 3181 Petrus
1141 3110 1322 3183 Mauroce-

227 3242 304 3298 tnus
319 3227 428 3316 miles
445 3229 506 3330 qui
521 3238 691 3303 oratorem
705 3251 765 3326 pro
781 3225 880 3301 nobis
893 3229 1023 3307 Romae
1035 3223 1173 3322 agebat,
1188 3225 1323 3300 rediens

226 3359 342 3441 »nuper
364 3341 464 3419 nobis
481 3344 609 3419 attulit.
634 3346 765 3418 Munus
781 3343 948 3418 nimirum
971 3343 1224 3442 amplissimum
1241 3366 1322 3418 con-

223 3476 237 3519 »
251 3459 608 3562 venientissimumque
623 3461 822 3537 liberalitati
847 3471 882 3536 11
903 3461 1092 3560 sapientiae
1116 3472 1254 3535 vestrae
1271 3487 1322 3533 re-

219 3593 235 3637 »
249 3576 503 3650 verendissimae
528 3579 771 3654 dominationis
797 3603 884 3678 quae
901 3578 1020 3668 daret,
1045 3588 1183 3652 nostrae
1207 3578 1322 3677 reipu-
1458 3598 1463 3608 ·

213 3713 231 3757 a
245 3687 342 3768 blieae
358 3695 473 3768 studio
490 3705 525 3769 ct
542 3699 786 3797 expectationi,
803 3721 891 3797 quac
908 3696 1088 3793 acciperet.
1113 3694 1210 3768 Nihil
1228 3695 1320 3769 enim

208 3834 228 3875 »
242 3813 530 3909 magnificentius,
555 3814 641 3888 nihil
667 3815 867 3891 honoratius
897 3814 1034 3887 civitati
1065 3822 1202 3886 nostrae
1232 3812 1322 3886 acci-

203 3952 223 3996 »
238 3927 311 4002 doro
327 3930 391 4007 hoc
409 3941 561 4030 tompore
584 3933 763 4030 potuisset,
788 3958 892 4032 quam
910 3933 946 4004 in
964 3957 1002 4004 oa
1029 3930 1187 4006 collocari
1214 3941 1248 4002 ot
1265 3931 1321 4002 do-

257 4225 290 4285 ·'lt
311 4225 408 4276 Errant
426 4228 481 4278 toto
500 4227 572 4278 coelo
591 4229 637 4290 qui
663 4227 733 4278 diem
759 4227 902 4290 assignant
925 4225 1092 4287 trigesimum
1117 4223 1208 4288 aprilis
1230 4224 1256 4272 01
1281 4222 1328 4283 qni

183 4317 329 4379 septimam
347 4316 420 4367 maii.
