3038 5122
348 280 369 348 li

348 422 433 505 ctos,
451 415 500 489 ita
516 416 607 490 situs
623 413 727 488 adore
744 411 833 486 male
857 422 954 486 actos
971 412 1098 512 reperit
1119 409 1178 512 (1),
1196 421 1238 487 nt
1261 436 1380 488 eorum
1397 436 1477 514 sep

347 531 518 607 tendeeim
535 541 671 606 tantum
699 529 847 605 indicam
873 529 1057 603 Tomasino
1082 529 1395 604 communicaverit
1414 529 1476 630 (2).

348 649 413 723 His
437 673 507 724 non
532 646 760 736 obstantibus
786 646 864 747 quia
888 646 1007 721 eredat
1031 671 1088 721 eos
1108 645 1255 736 codices
1279 646 1403 721 iisdem
1429 670 1480 721 ex

345 766 485 841 latebris
512 764 649 869 (qnibus
665 764 868 840 Petrorcdoe
888 762 1094 837 tabellarium
1118 788 1245 838 nomen
1270 774 1358 840 tunc
1383 763 1483 838 indi—

346 883 433 980 tum)
453 907 523 959 non
544 883 612 957 nisi
638 907 728 957 anno
747 883 839 954 1739
858 881 895 955 in
920 881 1107 981 palatinam
1132 877 1386 971 bibliothecam,
1411 881 1478 954 Ni·

347 1000 442 1075 colao
459 998 609 1099 Teupolo
625 999 797 1100 praelecto
813 1008 962 1088 auctore,
981 999 1093 1074 illatos
1110 1022 1186 1072 esse
1205 994 1250 1098 (3)
1270 1004 1288 1073 ‘l

445 1118 514 1203 Qui
530 1142 630 1218 porro
647 1126 763 1191 essent
787 1116 922 1191 codices
947 1116 1173 1190 aPetrarcha
1197 1114 1313 1206 oblati,
1338 1116 1381 1190 de
1398 1116 1474 1217 qui-

346 1233 413 1309 bus
438 1237 586 1333 egerint,
610 1259 696 1309 num
722 1232 765 1307 ab
790 1235 893 1309 Ulmo
917 1234 1079 1332 descripti
1106 1235 1323 1321 donationem
1352 1258 1473 1308 revera

346 1352 541 1450 attigerint,
565 1352 697 1427 nemini
714 1353 833 1426 datum
849 1353 1034 1427 decernere
1055 1352 1092 1423 in
1108 1351 1384 1450 praesentiarum
1400 1374 1472 1424 cre

346 1468 500 1545 diderim.
522 1472 729 1571 Quanquam
746 1470 840 1544 enim
855 1493 1039 1543 numerum
1057 1466 1100 1542 ab
1118 1469 1221 1542 Ulmo
1237 1468 1385 1543 relatum
1402 1467 1473 1543 lon·

345 1608 392 1685 ge
408 1589 578 1663 excedant
594 1588 728 1661 codices
753 1585 880 1686 quibus
896 1584 1104 1661 bibliotheca
1125 1610 1217 1660 anno
1245 1588 1337 1659 1739
1364 1587 1475 1686 potita

346 1714 399 1809 eat
417 1702 474 1804 (4),
492 1706 570 1806 quis
588 1715 719 1780 asserat
736 1704 871 1780 eosdem
888 1728 964 1779 esse
980 1704 1202 1782 aPetrarcba
1218 1705 1375 1795 donnica,
1393 1728 1474 1779 cum

347 1822 478 1925 aliquot
495 1848 568 1897 rem
584 1821 747 1898 biblicam
760 1833 796 1897 et
810 1823 1015 1920 liturgicam
1032 1833 1200 1922 spectent,
1213 1824 1270 1898 ius
1282 1833 1319 1898 et
1334 1823 1477 1899 medici·

341 1960 427 2015 'nam
444 1941 571 2043 plures
584 1942 686 2040 pauci
704 1941 887 2016 admodum
900 1951 981 2015 ante
994 1941 1173 2015 saeculum
1185 1940 1360 2016 decimum
1373 1941 1477 2041 qnin-

346 2058 572 2132 tum'cxarati
590 2060 672 2147 sint,
688 2059 806 2133 nullus
823 2084 867 2132 ex
884 2058 1036 2157 singulis
1056 2069 1156 2133 notas
1173 2060 1382 2135 Petrarcbae
1400 2083 1477 2160 pno-

345 2177 438 2275 prias
453 2176 661 2276 praeseferat
679 2162 759 2275 1512
783 2177 880 2250 Adde
897 2175 986 2276 quod
1007 2200 1049 2249 oa
1066 2176 1244 2252 volumina
1269 2179 1314 2253 iis
1330 2179 1478 2253 forsitan

368 2373 477 2453 (ipa
463 2373 614 2437 «Quaiebe
631 2387 697 2439 poor
715 2372 823 2425 residuo
841 2371 883 2423 dei
901 2372 961 2425 libri
975 2372 1048 2425 della
1064 2372 1146 2439 quale
1169 2371 1361 2443 [bibliothecae
1374 2377 1486 2429 Patrai·

338 2480 354 2510 »
355 2446 453 2539 choo]
479 2462 514 2513 da
532 2477 575 2513 nie
596 2463 716 2514 ricercati
735 2476 750 2514 e
767 2463 948 2525 riconosoiutl,
973 2478 1021 2528 por
1037 2463 1132 2515 ordine
1149 2460 1224 2529 degli
1242 2464 1333 2517 eccell.
1348 2478 1484 2530 procura-

337 2564 355 2598 a
374 2548 481 2602 lora·
445 2589 586 2602 ......
607 2551 670 2602 »lu
688 2551 871 2602 inventarlato
889 2564 908 2603 a
921 2551 1066 2615 datagllne
1079 2551 1108 2603 la
1125 2555 1190 2604 nota
1207 2553 1254 2605 nel
1273 2552 1484 2617 1634;1'aia·a

338 2622 502 2703 »31333133
519 2644 596 2704 parte
612 2638 655 2690 de’
664 2639 750 2705 quali,
767 2654 816 2705 per
832 2640 928 2705 naglbn
920 2655 998 2693 enan
1010 2641 1052 2693 do’
1061 2642 1154 2693 3333111
1165 2643 1291 2707 ministri,
1305 2644 1422 2697 easendo
1433 2659 1485 2711 pe·

338 2747 362 2777 a
372 2729 433 2792 rita,
448 2727 586 2809 33333113
603 2729 734 2794 plangere
752 2731 777 2779 ai
796 2729 905 2780 buoni'
897 2743 926 2781 in
943 2731 1011 2797 ogni
1030 2731 1158 2783 arvenirc
1181 2769 1296 2784 .....
1321 2746 1383 2786 cosa
1401 2735 1483 2795 tutte,

340 2835 354 2864 a
372 2816 441 2869 altre
454 2815 502 2893 da’
511 2798 567 2882 topi
584 2817 714 2887 (inorata,
733 2816 801 2869 altre
818 2816 900 2869 offesc
914 2817 979 2869 dall'
988 2817 1133 2881 umidita‚'
1126 2833 1154 2869 m
1168 2820 1288 2873 arantem
1300 2819 1356 2871 tale
1368 2820 1420 2872 che
1432 2834 1483 2875 oon

338 2923 353 2952 u
372 2886 475 2969 33333
483 2908 627 2970 congiung
608 2904 720 2958 ‘’elidosi
739 2920 809 2970 gran
828 2906 998 2970 quantitati
1016 2907 1134 2972 poliere,
1151 2910 1176 2960 al
1192 2922 1260 2961 sono
1277 2908 1402 2973 quincii·
1395 2924 1484 2976 impe·

337 3016 354 3043 »
371 2996 431 3047 triti-
445 2996 473 3046 la
490 2998 618 3061 maggior
635 3001 712 3061 parta
728 2995 772 3047 dai
790 2994 851 3048 libri
868 3009 884 3047 a
901 2994 972 3047 della
989 2999 1118 3048 acrittune
1134 3000 1225 3051 stesso
1247 3017 1261 3048 n
1280 3000 1326 3053 Sic
1343 3000 1418 3053 idam
1435 3000 1482 3053 Ul·

336 3098 402 3139 mua
419 3086 448 3139 in
464 3085 555 3151 codice
571 3100 621 3138 ma.
641 3085 818 3139 bibliothecae
835 3088 943 3138 nostrae
965 3081 997 3155 [1.
1016 3085 1153 3151 311211,
1172 3087 1188 3137 f.
1207 3086 1282 3157 438].
1324 3138 1327 3149 ,

412 3174 446 3238 (3)
467 3173 578 3225 dilatala
597 3202 627 3212 -
647 3172 873 3238 Anltpdoliort'um
888 3175 1021 3238 pentallium
1040 3201 1072 3213 —
1092 3174 1157 3225 libra·
1174 3176 1222 3227 Jot
1239 3158 1482 3242 33333313-

339 3245 496 3312 Psallem'um
515 3290 547 3301 —
567 3262 732 3313 Precoli'ones
748 3265 842 3313 333333
861 3289 892 3300 -
912 3263 1034 3326 Itoaperi
1044 3264 1179 3325 Aureliam·
1190 3267 1311 3316 rumiliac
1329 3292 1361 3304 -
1380 3267 1484 3319 Ara'ato·

340 3349 402 3400 lelio
419 3362 498 3413 opera
515 3350 639 3413 quaedam
660 3379 691 3389 -
711 3351 842 3403 (luidonis
860 3351 1027 3415 Rasplaiani
1054 3353 1083 3403 tu
1107 3354 1318 3416 quaestionatae
1338 3358 1432 3407 33333
1449 3383 1480 3394 -

344 3438 567 3502 Viminacium
586 3466 617 3477 -
636 3439 745 3491 Horatii
762 3439 794 3490 33
811 3441 867 3491 arte
882 3439 985 3502 poetica
1004 3468 1035 3479 -
1055 3440 1169 3492 Arnoldt
1185 3440 1216 3492 33
1242 3438 1381 3494 l’a'lluaora
1396 3456 1465 3508 para

339 3527 410 3578 33133
427 3555 460 3565 -
478 3527 590 3580 Nicolaa'
605 3528 636 3580 33
653 3530 790 3594 Popoatca
807 3530 965 3593 3333133133
982 3529 1151 3582 medicinalia
1168 3558 1200 3569 —
1219 3532 1294 3582 Pelea
1309 3532 1433 3596 Hispani
1459 3555 1464 3575 r

336 3619 400 3682 pica
417 3644 449 3654 -
468 3615 597 3681 33331111
615 3618 782 3680 0333311311,
798 3616 830 3668 33
838 3619 962 3681 panitas
974 3619 1105 3671 orationis
1122 3646 1155 3658 -
1172 3619 1270 3684 Epidii
1285 3620 1436 3683 quodlibeta

339 3704 512 3769 Alpiaialam
525 3708 666 3771 3333333,
685 3720 821 3759 comanam
839 3707 866 3757 et
883 3707 997 3758 latinum
1016 3734 1049 3745 -
1062 3707 1141 3758 litor
1155 3708 1327 3760 maratana
1338 3708 1437 3761 333333

338 3793 509 3859 Tomasinna,
527 3796 670 3849 Petrus-clla
687 3795 829 3859 novitas,
842 3809 867 3861 p.
881 3796 982 3859 lib-863
995 3796 1122 3849 Bibliotll.
1136 3799 1229 3849 333313
1239 3812 1285 3851 ma.
1300 3799 1377 3864 1650,
1391 3815 1418 3865 p.
1438 3798 1472 3852 53

409 3884 444 3948 131
458 3885 495 3936 il.
514 3885 783 3939 senatusconsultum
801 3885 836 3937 24
856 3890 924 3951 sapt
945 3885 1012 3938 1733
1037 3887 1065 3937 in
1089 3886 1180 3939 codice
1202 3889 1340 3940 marciano
1364 3883 1483 3955 [Riserv-

338 3971 433 4037 CXIV,
451 3988 477 4039 p.
498 3972 570 4044 loo}

407 4062 444 4127 14)
463 4062 505 4114 Ab
523 4062 604 4114 Ulmo
620 4063 720 4115 notatis
737 4062 877 4114 adduntur
893 4063 986 4117 313313
1004 4067 1033 4115 tu
1051 4066 1211 4130 etoupeb'a:
1231 4066 1363 4119 nalmcula
1379 4064 1446 4133 sm!
1467 4068 1519 4102 “--

340 4149 537 4202 Barltobmnei‘
554 4149 583 4201 33
601 4151 712 4211 33333,
727 4151 831 4205 codices
848 4156 909 4205 octo
926 4153 956 4204 33
972 4155 1081 4216 ullaque
1098 4156 1176 4214 tum
1193 4168 1292 4208 novem
1308 4153 1339 4205 33
1350 4155 1444 4220 33313·
1459 4181 1463 4197 ι

339 4238 449 4303 3331133
458 4255 470 4298 ,·
487 4252 585 4290 novem
603 4240 633 4291 33
650 4240 770 4300 333333;
787 4244 891 4306 septem
908 4239 939 4292 33
952 4241 1056 4305 poetica
1064 4258 1077 4301 ;
1094 4244 1150 4295 bini
1167 4242 1198 4295 33
1215 4243 1351 4298 diatonon.

411 4326 444 4390 (5)
474 4346 488 4374 «
508 4327 640 4381 Avendoli
663 4329 689 4381 io
712 4330 824 4382 insieme
847 4344 897 4383 con
924 4330 962 4382 lui
986 4329 1093 4398 [locabo
1115 4332 1233 4403 llorelli]
1257 4333 1459 4400 diligentemen
1477 4351 1519 4381 ν
